3502 5512
830 355 892 415 149

197 541 249 601 Fr.
274 539 349 616 233,
377 542 404 601 l.
441 540 622 603 'tentabam
653 537 695 616 μὴ
714 535 852 624 ἰλαλῇς,
882 542 1063 603 σολ1.Εσσ1.
1092 545 1142 619 16,
1168 547 1203 604 ut
1227 543 1378 603 Philistio
1403 543 1454 611 (ci.
1480 541 1520 601 ad

242 640 318 712 2301
341 640 482 704 fortasse
503 642 632 703 soloece
655 641 797 703 scribere
819 645 962 728 poterat,
987 658 1065 703 nam
1085 645 1214 705 sincera
1230 643 1393 719 graecitas
1411 645 1520 717 postu·

241 737 497 819 111μήἰιλοίλει,
520 744 605 818 quod
629 745 664 802 et
686 744 796 819 ipsum
821 744 925 804 conici
948 747 1068 819 potest.

198 840 249 901 Fr.
274 842 380 902 2351.
411 841 517 919 χρόνος
548 840 690 918 μαλάσσει
721 841 819 900 πάντα
851 839 1083 920 κάξθργάζεται.
1108 843 1155 903 Bi.
1185 839 1408 920 ,κάξεργάζιται
1432 856 1519 901 men·

161 1000 165 1007 .
242 941 374 1018 desum,
405 944 463 1004 sed
494 943 570 1017 quid
602 942 825 1016 reponendum
856 943 902 1003 sit
931 958 995 1004 non
1026 945 1221 1019 perspicio.”
1253 943 1325 1003 Mea
1347 943 1469 1016 scripta
1492 942 1520 1000 si

241 1043 477 1120 consultasset,
503 1044 639 1104 vidisset
662 1058 716 1104 me
740 1044 863 1105 dudum
886 1045 1069 1105 correxisse
1093 1042 1324 1123 κάξθργίζειοι,
1353 1042 1521 1103 deforma

241 1144 352 1205 media
386 1145 609 1206 conferentem
644 1140 833 1224 ὀρράσασθοι
868 1146 951 1221 apud
983 1145 1214 1221 Hippocratem
1246 1146 1368 1206 11190
1399 1147 1432 1205 et
1457 1144 1517 1203 791

242 1245 291 1306 ed.
319 1244 406 1306 ltlrm.
438 1245 672 1307 Chaeremonis
695 1247 813 1321 tragici
836 1247 875 1307 ir.
899 1248 953 1315 123
977 1247 1067 1317 Nclr.)
1099 1263 1172 1308 esse
1203 1246 1377 1308 confirmat
1399 1245 1521 1319 duplex

242 1346 352 1423 sigma
375 1348 409 1407 in
434 1346 586 1423 μαλάσσει.
1477 1349 1483 1361 ·

197 1448 249 1508 Fr.
274 1449 349 1509 239.
373 1448 421 1510 Bl.
445 1446 556 1523 ζήσεις,
577 1443 692 1526 γυναῖκ’
718 1443 756 1505 dv
780 1445 820 1524 μὴ
844 1446 938 1530 λάβῃς
961 1451 995 1509 et
1019 1449 1096 1524 alia,
1122 1449 1243 1524 partim
1269 1449 1398 1508 vitiosa.

197 1549 249 1609 Fr.
274 1551 349 1609 246.
374 1549 554 1610 Christiani
577 1549 734 1624 poetastri
759 1549 847 1610 ictus
868 1549 1007 1625 videtur,
1028 1565 1132 1624 neque
1153 1552 1253 1625 igitur
1273 1565 1348 1611 cum
1368 1548 1416 1609 Bl.
1437 1550 1519 1607 vs.3

241 1651 371 1725 requiro
402 1648 456 1727 ιὴν
486 1658 559 1729 γῆν,
588 1651 645 1711 sed
673 1651 794 1711 ibidem
818 1651 978 1711 mendosa
1001 1655 1080 1711 sunt
1104 1652 1205 1711 verba
1227 1648 1267 1723 ὡς
1290 1649 1350 1710 ἀπὸ
1373 1658 1441 1725 τοῦ,
1463 1664 1521 1724 pro

243 1751 361 1826 quibus
400 1751 538 1812 coniecit
573 1750 645 1812 ὥστε
683 1748 742 1811 καί.
773 1752 884 1813 Malim
916 1751 983 1813 fere
1016 1747 1079 1811 ὥσι’
1117 1749 1165 1812 ίπλ
1194 1751 1292 1811 πάντα
1322 1750 1374 1811 τὸν
1404 1749 1520 1828 χρόνον.

242 1853 334 1915 Idem
366 1855 457 1914 ved
489 1853 561 1914 sine
589 1853 656 1915 ulla
680 1868 779 1914 causa
800 1848 847 1913 δύ’
875 1849 1026 1929 ἀιραποὺς
1050 1870 1108 1929 pro
1133 1853 1188 1914 δύο
1212 1854 1332 1932 τρίβους
1356 1854 1399 1922 (in
1424 1855 1522 1927 poeta

243 1950 355 2019 Attico
385 1955 609 2029 suspicareres
646 1954 702 2015 δύο
740 1954 839 2033 ιρίβω)
871 1958 905 2015 ct
936 1971 984 2015 ve.
1017 1957 1036 2016 8
1073 1951 1147 2017 <d>
1175 1954 1290 2026 δίκαιος
1317 1951 1453 2032 χάσεβής.
1480 1989 1519 1996 -

244 2056 299 2117 Vs.
327 2057 378 2117 10.
409 2053 503 2132 μηδὲν
532 2060 694 2133 πλανιρθῆς
723 2057 852 2117 novicio
882 2073 944 2118 usu
968 2058 1093 2117 dictum
1118 2059 1169 2117 est
1192 2072 1250 2130 pro
1273 2050 1368 2133 μηδὲν
1391 2058 1523 2136 σφαλῇς,

243 2158 315 2217 sive
337 2161 486 2241 ucvotpg.
510 2159 584 2232 Ipse
607 2158 656 2218 Β1.
682 2157 737 2218 cit.
762 2157 854 2218 Pauli
879 2159 893 2217 Ι
917 2158 1012 2234 epist.
1037 2156 1108 2219 Cor.
1134 2157 1231 2218 1119.

201 2304 424 2373 Philemonis
449 2307 600 2374 minoris
618 2309 658 2369 fr.
679 2309 708 2384 2,
733 2311 810 2382 lsq.
833 2308 957 2368 Similis
976 2308 1143 2369 sententia
1162 2310 1214 2368 est
1232 2306 1366 2367 maioris
1384 2306 1423 2366 fr.
1447 2306 1520 2364 134.

200 2455 341 2539 Diphili
365 2458 404 2519 ir.
432 2462 447 2518 1
485 2458 606 2519 melius
639 2458 788 2519 restituit
819 2457 911 2518 Koch
942 2473 1041 2532 quam
1072 2456 1206 2518 Dobree.
1235 2489 1270 2498 -
1294 2457 1350 2516 Vs.
1375 2458 1405 2517 3.
1439 2455 1521 2515 llale

245 2559 293 2620 Bi.
318 2556 393 2636 ἔχων
416 2559 549 2637 βαδίζειν
574 2560 625 2620 vei
650 2559 767 2637 βαίνειν
790 2556 925 2637 ἐχόντων.

200 2661 251 2720 Fr.
276 2663 306 2721 b.
331 2661 419 2721 Bene
438 2661 612 2735 Headlam,
638 2661 709 2721 coll.
737 2661 863 2721 Alexid.
888 2661 960 2735 144,
981 2661 1012 2736 8,
1037 2655 1147 2720 πλείον’
1169 2658 1208 2732 ὡς
1228 2663 1347 2722 etcum
1361 2662 1521 2721 Meinelrio

244 2755 313 2839 ii’x
336 2769 405 2842 τῶν.

200 2862 251 2922 Fr.
279 2864 329 2923 11.
353 2863 402 2924 Bl.
431 2861 529 2934 <ὡς>
556 2864 652 2942 βραχύ
676 2863 704 2922 τί
721 2861 780 2922 ε’στι
803 2861 864 2926 (τό
882 2873 943 2941 γε)
965 2862 1110 2923 τάλαντον
1134 2863 1330 2950 cypselem,
1348 2866 1381 2925 in
1402 2863 1521 2938 quibus

243 2963 394 3037 displicet
422 2986 463 3042 γε.
498 2966 564 3026 Nec
594 2981 672 3026 vero
703 2966 869 3042 explicant
899 2965 1015 3026 scholii
1045 2969 1079 3027 et
1109 2965 1309 3040 ltltymologii
1340 2965 1449 3026 verba.
1481 2964 1521 3024 Et

244 3079 327 3138 quae
350 3080 471 3139 quaeso
495 3067 629 3127 omnino
653 3068 759 3127 estin
784 3067 906 3127 talibus
928 3066 1144 3146 πειθανιίριιη1

108 3161 114 3169 ’
200 3166 250 3226 Fr.
279 3167 327 3240 14,
354 3167 383 3227 2.
418 3167 529 3244 λιπαρά
564 3184 627 3228 non
662 3169 745 3228 satis
780 3168 950 3243 intellego,
986 3168 1044 3228 sed
1080 3168 1237 3230 fortasse·
1255 3171 1344 3229 recte
1374 3169 1421 3229 ita
1455 3168 1518 3228 dici

243 3267 349 3342 potuit
371 3268 503 3330 crambe
526 3284 674 3330 recens
698 3285 742 3330 ac
767 3269 920 3343 nitida,
944 3283 1005 3329 nec
1027 3284 1108 3330 sane
1128 3285 1204 3330 cum
1224 3269 1272 3330 Bl.
1294 3270 1519 3345 rescripserim

242 3367 374 3445 καθαρά.
409 3369 501 3431 Idem
532 3386 581 3431 ve.
606 3372 626 3430 4
657 3372 797 3447 βρώμαια
826 3386 883 3445 pro
913 3369 1085 3447 πράγματα,
1115 3371 1200 3445 quod
1223 3385 1304 3432 sane
1327 3372 1520 3445 suspectum

243 3469 297 3529 bic
320 3470 410 3530 etin
434 3471 666 3547 Aristophanis
690 3472 728 3533 ir.
754 3474 828 3546 313,
858 3473 907 3546 15,
935 3471 990 3532 ubi
1013 3472 1101 3531 idem
1125 3473 1189 3547 legi
1213 3471 1313 3531 iubet.

201 3572 251 3635 Fr.
279 3572 330 3647 17,
356 3573 386 3632 5.
421 3573 509 3633 Bene
543 3573 687 3632 correxit
721 3571 855 3633 Dobree.
882 3605 921 3614 -
954 3572 1010 3632 Vs.
1045 3573 1094 3631 10.
1126 3573 1174 3632 Bl.
1211 3571 1375 3646 improbat
1405 3571 1521 3632 Kockii

244 3672 467 3733 coniecturam
501 3673 686 3750 τιθύμαλλον
716 3676 848 3749 propter
877 3669 1068 3752 προσεγχέας,
1102 3689 1159 3748 pro
1191 3687 1254 3746 quo
1284 3673 1354 3746 ipse
1385 3669 1521 3751 ίπεγχέας

245 3774 400 3849 postulat.
428 3775 507 3835 Mihi
527 3790 628 3835 sanus
651 3790 768 3836 versus
792 3775 931 3835 videtur.
957 3807 997 3818 -
1025 3774 1081 3835 Vs.
1105 3776 1155 3835 13.
1183 3774 1272 3834 Libri
1302 3790 1394 3850 σφοιη
1415 3773 1520 3846 δεῖξον.

244 3875 384 3936 Dindori
409 3875 563 3952 σπόδησον
586 3877 693 3936 lenius
717 3891 817 3948 quam
838 3876 960 3951 aptius,
981 3876 1101 3935 melius
1125 3874 1293 3953 πρόὸεοσον
1317 3875 1422 3951 Koch,
1447 3874 1521 3951 σφό-

245 3976 758 4057 δρασον,σφύι1ασον,σφόδρονον
782 3977 955 4038 Headlam.
980 3978 1018 4036 ln
1042 3976 1094 4036 his
1118 3977 1200 4037 mihi
1219 3977 1352 4051 quidem
1374 3977 1521 4037 maxime

245 4078 353 4155 placet
375 4079 491 4139 Kockii
515 4080 713 4140 coniectura.

201 4180 253 4241 Fr.
281 4180 332 4256 18,
358 4180 387 4240 2.
942 4177 1021 4239 ἔστιν
1045 4179 1134 4240 ξ’νὸον
1157 4175 1212 4252 ὀξύ
1235 4195 1298 4251 σοι;

435 4283 468 4340 Β.
492 4279 776 4358 ὑπολαμβάνω,
798 4279 1030 4361 παιδάριον,
1053 4278 1151 4342 ὀπὸν
1175 4280 1349 4358 εἰλήφαμεν.

244 4382 345 4443 Recte
368 4383 460 4443 Kock
482 4398 524 4442 ex
546 4380 708 4458 παιδάριον
732 4383 883 4443 elicuisse
908 4384 1038 4444 videtur·
1056 4381 1105 4441 καλ
1124 4383 1263 4459 σίσαρον,
1285 4382 1343 4442 sed
1356 4382 1432 4455 quid
1449 4384 1521 4441 tum

245 4482 301 4543 liet
324 4483 482 4543 vocabulo
501 4484 666 4560 sequenti,
687 4485 770 4558 quod
795 4481 964 4555 ἀσονδίιας
987 4501 1051 4545 non
1075 4485 1183 4560 potuit
1203 4500 1278 4544 cum
1302 4482 1426 4562 σίσαρον
1450 4498 1521 4542 con·

246 4583 360 4658 iungi?
388 4585 455 4643 Nec
485 4584 561 4658 quid
592 4585 656 4644 sibi
692 4586 772 4645 velit
801 4586 834 4644 in
866 4601 1023 4661 responso
1053 4584 1257 4664 ὑπολαμβάνω
1289 4586 1460 4660 intellego,
1493 4584 1522 4642 si

245 4685 377 4758 quidem
397 4685 429 4745 id
449 4700 513 4744 non
532 4684 609 4745 licet
628 4687 677 4746 sic
700 4687 877 4763 explicare,
903 4690 940 4748 ut
963 4688 1008 4748 sit
1031 4691 1129 4764 puto
1153 4690 1212 4757 (ita
1236 4692 1320 4757 esse)
1341 4711 1381 4735 =
1399 4701 1452 4747 res
1476 4685 1523 4745 ita

246 4802 282 4847 se
306 4786 414 4848 habet.
435 4787 565 4861 Optime
590 4786 715 4848 dictum
735 4787 832 4848 ioret:

439 4889 471 4946 ll.
496 4885 546 4947 καί
569 4884 735 4960 τώξυιάιου
759 4906 799 4967 γε·
823 4886 873 4947 καὶ
896 4887 1019 4965 σίσαρον
1043 4888 1205 4965 εἰλήφαμεν
