3502 5512
794 351 852 410 ibi

159 533 210 594 Fr.
236 535 289 609 46,
316 536 345 595 2.
370 532 419 593 καὶ
444 538 625 614 φυσώμενον
649 539 697 600 Bl.
713 572 753 582 -
767 537 823 598 Vs·
838 538 867 598 3.
889 536 976 597 τονδί
993 558 1023 597 τε
1043 540 1076 598 et
1088 554 1218 599 mecum
1236 539 1485 616 ίίστ<ερ>ιόινος

206 633 253 694 Bi.
278 637 311 697 et
333 635 495 698 inutiliter
518 638 663 717 Ἀστερίου
687 660 725 698 τε.
754 639 828 715 Ipse
853 653 980 713 quoque
1004 638 1179 713 uigentem
1203 639 1253 709 (ci.
1279 640 1380 710 Koch)
1401 641 1486 700 vole-

203 734 294 809 bam,
319 752 418 811 quem
441 753 506 800 non
530 740 738 801 distinxerim
764 740 805 800 ab
830 755 867 801 eo
891 740 946 814 qui
970 740 1172 802 aPausania
1193 743 1485 818 commemoratur,

205 830 298 899 cuius
332 839 515 914 perpendas
546 841 647 901 velim
679 841 799 902 ultima
831 839 932 901 verba
955 837 1013 918 ἔχει
1042 835 1069 899 δ’
1097 832 1153 900 οὖν
1177 837 1192 900 ὁ
1217 841 1321 922 νεκρὸς
1345 840 1436 902 οὐδέν
1458 864 1485 901 τι

205 941 290 1013 μεῖον
313 947 418 1018 πηχῶν
441 936 521 999 δέκα.

161 1037 213 1098 Fr.
237 1039 290 1100 47.
315 1039 363 1101 Bi.
388 1045 520 1117 propter
543 1043 707 1105 Athenaei
729 1043 830 1104 verba
853 1042 949 1103 malit
971 1051 1070 1114 κακῶς
1093 1041 1193 1122 λέγεις.

162 1138 214 1199 Fr.
239 1140 291 1217 52,
318 1143 347 1202 2.
372 1139 463 1221 ἔγωγε
485 1140 536 1202 καὶ
559 1144 689 1222 ξύστροιν
712 1165 745 1224 γε
768 1145 816 1205 Bl.

162 1239 213 1301 Fr.
238 1242 291 1318 54,
317 1243 347 1303 2.
382 1237 406 1323 γ’
440 1241 531 1323 ι’ίαρας
563 1246 633 1307 sine
669 1261 770 1307 causa
804 1246 906 1319 idem;
943 1242 1033 1323 ι’ίιρος
1068 1247 1242 1320 Headlam;
1274 1246 1344 1308 fleri
1379 1250 1487 1322 potest

207 1345 244 1402 ut
267 1346 366 1405 recte.

42 1468 45 1472 “
162 1444 214 1505 Fr.
240 1447 292 1523 66,
321 1448 347 1507 1.
379 1446 454 1525 ιτρὸς
478 1445 526 1508 inl
548 1448 665 1522 τούτοις
688 1452 814 1511 temere
838 1449 901 1526 Bi.,
926 1449 1046 1510 melius
1070 1465 1253 1526 proponens
1276 1444 1389 1529 προσέτ’
1415 1447 1487 1526 ἔχεις

207 1554 280 1623 νῦν,
310 1563 373 1621 quo
404 1552 519 1625 aptum
551 1550 690 1612 verbum
720 1551 896 1612 lucramur.
930 1551 991 1611 Sed
1015 1552 1088 1624 quis
1111 1552 1217 1626 novit,
1243 1551 1319 1623 quid
1343 1552 1486 1611 anteces-

185 1648 312 1709 ¹serit?
326 1684 365 1693 -
390 1649 447 1712 Vs.
461 1652 491 1712 3.
516 1646 576 1711 ἀλλ’
601 1649 728 1731 ἀτεχνῶς
748 1652 835 1715 idem
862 1651 1040 1713 violentius
1067 1668 1167 1726 quarn
1186 1652 1278 1713 Koch
1297 1646 1356 1711 ἀλλ’
1377 1649 1489 1729 ἀκαρῆ,

208 1749 281 1810 οοίί.
314 1750 461 1812 Alexidis
484 1754 523 1815 fr.
551 1755 613 1814 144
644 1753 793 1825 στοοοθὸς
816 1750 943 1831 ἀκαρῆς,
973 1753 1041 1829 ubi,
1066 1755 1207 1815 sirecte
1232 1755 1405 1830 traditum,
1437 1754 1489 1813 est

208 1851 422 1929 adieciivum,
455 1862 491 1915 ut
523 1855 687 1916 Menandr.
713 1855 757 1915 IV
782 1856 846 1915 284
870 1855 956 1926 (226)
986 1857 1019 1915 et
1042 1870 1139 1916 anon.
1164 1855 1207 1915 IV
1232 1856 1297 1915 600
1322 1856 1373 1925 (3).
1398 1855 1489 1914 Licet

208 1953 401 2014 adverbium
426 1952 521 2035 ἀκαρῆ
541 1958 655 2018 eodem
675 1973 774 2019 sensu
796 1971 989 2033 praegressa
1006 1957 1181 2031 negatione
1199 1957 1305 2017 soleat
1323 1956 1488 2030 usurpari,

210 2052 340 2116 difficile
371 2059 423 2117 est
453 2056 519 2117 illis
549 2073 676 2132 quoque
706 2059 788 2119 iocis
819 2059 985 2119 abstinere
1016 2059 1248 2134 acorrigendo
1272 2055 1383 2136 ἀκαρῆ,
1405 2057 1490 2131 quod

209 2156 281 2216 sine
311 2158 486 2230 negatione
509 2159 629 2234 legitur
651 2161 735 2235 apud
759 2160 972 2220 Xenarchum
995 2160 1125 2220 111621
1153 2162 1193 2234 (1,
1230 2163 1291 2229 15),
1313 2194 1351 2203 -
1374 2159 1428 2218 Vs.
1458 2161 1488 2218 4.

211 2255 344 2334 βαδίζειν
379 2253 467 2320 <σ’>
501 2262 549 2321 Bl.
590 2262 624 2321 Si
658 2262 849 2336 pronomine
883 2276 980 2336 opus,
1014 2262 1121 2322 multo
1155 2262 1284 2322 facilius
1318 2260 1490 2336 scripseris

211 2354 323 2437 ἀγορᾶς
349 2354 440 2423 <σ’>
466 2357 571 2439 ὀρθὸν.

168 2461 219 2520 Fr.
245 2462 298 2521 57.
322 2460 394 2523 Vid.
420 2478 520 2539 supra
543 2464 583 2524 ad
607 2463 778 2540 Theophili
801 2464 840 2524 fr.
866 2465 896 2525 9.

168 2561 219 2621 Fr.
245 2561 297 2638 58,
324 2563 354 2622 2.
393 2563 431 2623 In
463 2562 499 2640 νῆ
532 2565 591 2623 Διά
621 2566 733 2625 iuncto
765 2580 841 2625 cum
871 2565 1068 2640 imperativo
1096 2565 1233 2625 offendit
1255 2564 1317 2639 Bi,
1344 2564 1491 2637 soletque

212 2677 292 2724 sane
310 2664 518 2740 imperativis
541 2667 615 2726 addi
638 2666 782 2727 formula
803 2665 877 2744 πρὸς
901 2665 974 2737 Διός
998 2667 1198 2740 similesque.
1220 2666 1388 2726 Traditum
1410 2666 1443 2725 in
1463 2666 1492 2727 A

213 2785 251 2840 νῆ
275 2762 329 2823 διο
352 2765 456 2835 παῖδες
479 2767 620 2828 fortasse
643 2768 730 2829 aliud
755 2768 849 2828 celat.
874 2767 969 2827 Lusi:

926 2866 1026 2947 ἔγχεον
1050 2867 1087 2927 σὺ
1112 2866 1149 2944 δὴ

458 2968 655 3050 ε-ὐζωρόιερον
678 2966 751 3048 ἡμῖν
773 2975 867 3048 πιεῖν,
890 2963 913 3030 ὦ
936 2975 1006 3030 κατ’·
1029 2969 1061 3030 τὸ
1084 2967 1140 3050 γὰρ
1164 2967 1219 3029 κτὲ.

169 3068 221 3129 Fr.
246 3070 299 3144 61,
325 3071 355 3130 6.
379 3068 470 3147 χαίρω
501 3091 529 3131 τε
558 3068 610 3130 καί
632 3068 748 3151 γέγηθα
778 3073 917 3150 Dobree,
948 3071 1106 3148 probante
1130 3071 1285 3132 Nauckio.
1311 3103 1353 3112 -
1378 3071 1433 3132 Vs.
1459 3071 1490 3130 9.

213 3166 331 3248 τουτογί
355 3172 388 3230 et
412 3171 476 3231 alia
499 3174 624 3234 temere
648 3173 696 3234 Bi.

170 3272 222 3332 Fr.
247 3273 300 3347 62,
326 3273 355 3333 2.
381 3271 423 3332 ὅτι
447 3272 525 3334 ἔστιν
549 3278 637 3334 recte
661 3275 837 3357 Headlam,
862 3275 934 3336 coil.
959 3277 1015 3336 Ar.
1040 3275 1096 3348 sq.
1118 3275 1199 3348 797;
1225 3275 1285 3334 Av.
1311 3275 1387 3334 974.

260 3371 498 3430 ΠΕΛΙΑΔΕΣ.
530 3372 643 3432 Simile
671 3376 903 3447 argumentum
934 3376 1096 3434 tractasse
1122 3373 1250 3433 videtur
1273 3372 1492 3447 Antiphanes,

217 3471 311 3532 cuius
334 3486 382 3548 cp.
408 3472 446 3533 fr.
473 3474 526 3533 24.

171 3572 222 3633 iir.
247 3574 301 3648 64,
326 3575 356 3634 5.
380 3575 429 3634 Bi.
454 3574 600 3651 δυσώδης.
634 3576 665 3632 Β.
689 3566 776 3646 οὗτος
800 3566 857 3633 οὖν
880 3583 942 3646 πῶς
967 3571 1095 3645 ἀνθίας,
1124 3576 1157 3634 et
1181 3572 1256 3633 alia.
1282 3575 1387 3634 Locus
1410 3573 1494 3632 mihi

215 3674 434 3750 perobscurus
458 3679 518 3738 est.

172 3775 223 3837 Fr.
249 3777 301 3852 65,
328 3779 357 3839 2.
595 3772 727 3850 ἐκόκκνξ
754 3775 861 3858 ἀρτίως
884 3775 1063 3855 ἀλεκτρυών.

217 3877 414 3939 Meinekium
434 3882 467 3940 et
486 3880 647 3940 Kockium
667 3895 741 3941 oum
763 3878 901 3940 articulo
921 3878 1102 3940 scribentes
1122 3873 1288 3955 ἀλεκτρυών
1301 3892 1364 3938 non
1377 3892 1496 3951 sequar

217 3993 346 4040 memor
368 3979 431 4041 loci
455 3982 510 4041 Ar.
535 3980 617 4042 Nub.
640 3982 678 4040 4:

486 4080 535 4140 nul
559 4081 619 4160 μὴν
642 4081 733 4141 κάλοι
756 4076 778 4161 γ’
806 4078 1001 4159 ἀλεκτρυόνος
1024 4074 1129 4157 ἥκουσ’
1158 4076 1214 4159 ἐγώ

218 4181 273 4241 ubi
296 4183 324 4241 si
362 4185 434 4257 quis
469 4185 627 4246 scriberet
659 4181 885 4261 τάίεκτροόνος,
925 4182 1013 4243 male
1047 4181 1252 4242 oblitteraret
1287 4179 1496 4254 aptissimam

218 4284 424 4358 particulam.
449 4286 489 4347 Et
513 4286 623 4360 quidni
647 4288 735 4347 recte
759 4286 885 4346 dicatur
904 4281 1082 4361 ἀλεκτρυών,
1100 4283 1170 4343 scil.
1191 4297 1276 4342 unus
1296 4282 1334 4341 de
1358 4273 1497 4341 multis?

174 4384 226 4445 Fr.
252 4388 305 4461 69,
334 4387 383 4446 12.
852 4382 890 4444 tv
913 4380 941 4445 δ’
968 4383 1061 4445 αὐτὸν
1086 4381 1138 4466 δέῃ

378 4554 380 4559 ‚
486 4482 600 4564 κέρματ’
625 4485 796 4547 ἀκοδοῦναι
819 4483 1186 4565 spopondissemus&

219 4585 272 4651 τότ’
306 4587 460 4651 ἀτίδοικεν
491 4590 619 4665 Kaibel,
656 4591 815 4665 probante
845 4590 893 4650 Bi.
925 4590 999 4665 Ipse
1030 4588 1184 4663 proposui
1215 4583 1387 4646 ἀποδοῦναί
1416 4579 1501 4661 κοτ’,

220 4691 376 4753 ἀπέδωκεν
400 4690 455 4752 κτὲ.

176 4798 227 4856 Fr.
253 4798 306 4872 72,
334 4797 361 4857 1.
385 4795 561 4870 Perperam
584 4792 742 4854 sollicitat
765 4793 814 4852 Bi.

176 4897 228 4959 Fr.
254 4899 306 4974 73,
335 4898 362 4958 1.
387 4893 447 4955 ἀπὸ
471 4910 529 4971 pro
552 4892 600 4954 ἐπὶ
624 4895 672 4954 Bi.
688 4897 801 4969 recte,
827 4896 863 4954 ut
886 4893 1025 4953 videtur.
