<?xml version="1.0" encoding="UTF-8"?>
<!DOCTYPE html PUBLIC "-//W3C//DTD XHTML 1.0 Transitional//EN"
    "http://www.w3.org/TR/xhtml1/DTD/xhtml1-transitional.dtd">
<html xmlns="http://www.w3.org/1999/xhtml" xml:lang="en" lang="en">
 <head>
  <title>
</title>
<meta http-equiv="Content-Type" content="text/html;charset=utf-8" />
  <meta name='ocr-system' content='tesseract 3.04.00' />
  <meta name='ocr-capabilities' content='ocr_page ocr_carea ocr_par ocr_line ocrx_word'/>
</head>
<body>
  <div class='ocr_page' id='page_1' title='image "./collectaneacrit00herwgoog_0167.png"; bbox 0 0 3502 5512; ppageno 0'>
   <div class='ocr_carea' id='block_1_1' title="bbox 861 319 922 377">
    <p class='ocr_par' dir='ltr' id='par_1_1' title="bbox 861 319 922 377">
     <span class='ocr_line' id='line_1_1' title="bbox 861 319 922 377; baseline 0 0"><span class='ocrx_word' id='word_1_1' title='bbox 861 319 922 377; x_wconf 80' lang='lat'>122</span> 
     </span>
    </p>
   </div>
   <div class='ocr_carea' id='block_1_2' title="bbox 231 502 1555 2713">
    <p class='ocr_par' dir='ltr' id='par_1_2' title="bbox 275 502 1552 686">
     <span class='ocr_line' id='line_1_2' title="bbox 275 502 1552 585; baseline 0.002 -23"><span class='ocrx_word' id='word_1_2' title='bbox 275 505 363 564; x_wconf 83' lang='lat' dir='ltr'>recte</span> <span class='ocrx_word' id='word_1_3' title='bbox 386 502 464 563; x_wconf 91' lang='lat' dir='ltr'>olim</span> <span class='ocrx_word' id='word_1_4' title='bbox 489 519 537 564; x_wconf 92' lang='lat' dir='ltr'>vs.</span> <span class='ocrx_word' id='word_1_5' title='bbox 562 506 580 564; x_wconf 83' lang='lat'>2</span> <span class='ocrx_word' id='word_1_6' title='bbox 605 505 758 581; x_wconf 83' lang='lat' dir='ltr'>proposui</span> <span class='ocrx_word' id='word_1_7' title='bbox 784 505 882 565; x_wconf 77' lang='grc' dir='ltr'><strong><em>πίπτει</em></strong></span> <span class='ocrx_word' id='word_1_8' title='bbox 904 507 973 585; x_wconf 76' lang='grc' dir='ltr'><strong><em>γάρ;</em></strong></span> <span class='ocrx_word' id='word_1_9' title='bbox 993 509 1082 569; x_wconf 83' lang='lat' dir='ltr'>recle</span> <span class='ocrx_word' id='word_1_10' title='bbox 1104 507 1180 582; x_wconf 86' lang='lat' dir='ltr'>post</span> <span class='ocrx_word' id='word_1_11' title='bbox 1203 502 1280 565; x_wconf 78' lang='grc' dir='ltr'><strong><em>ἐστιν</em></strong></span> <span class='ocrx_word' id='word_1_12' title='bbox 1300 509 1361 576; x_wconf 86' lang='grc' dir='ltr'>(νε.</span> <span class='ocrx_word' id='word_1_13' title='bbox 1386 504 1416 582; x_wconf 84' lang='grc'>1)</span> <span class='ocrx_word' id='word_1_14' title='bbox 1437 504 1552 564; x_wconf 86' lang='lat' dir='ltr'>deiude</span> 
     </span>
     <span class='ocr_line' id='line_1_3' title="bbox 275 604 1232 686; baseline 0.001 -22"><span class='ocrx_word' id='word_1_15' title='bbox 275 604 366 665; x_wconf 89' lang='lat' dir='ltr'>Kock</span> <span class='ocrx_word' id='word_1_16' title='bbox 389 606 592 680; x_wconf 77' lang='lat' dir='ltr'><strong>transposuit</strong></span> <span class='ocrx_word' id='word_1_17' title='bbox 614 606 848 682; x_wconf 84' lang='lat' dir='ltr'>hypostigmeu</span> <span class='ocrx_word' id='word_1_18' title='bbox 871 609 1012 683; x_wconf 84' lang='lat' dir='ltr'>positam</span> <span class='ocrx_word' id='word_1_19' title='bbox 1037 610 1113 684; x_wconf 84' lang='lat' dir='ltr'>post</span> <span class='ocrx_word' id='word_1_20' title='bbox 1135 607 1232 686; x_wconf 84' lang='grc' dir='ltr'><strong><em>κύβοι.</em></strong></span> 
     </span>
    </p>

    <p class='ocr_par' dir='ltr' id='par_1_3' title="bbox 231 703 1553 1089">
     <span class='ocr_line' id='line_1_4' title="bbox 231 703 1551 785; baseline 0.002 -20"><span class='ocrx_word' id='word_1_21' title='bbox 231 706 282 765; x_wconf 82' lang='lat' dir='ltr'>Fr.</span> <span class='ocrx_word' id='word_1_22' title='bbox 307 707 359 781; x_wconf 93' lang='lat'>40,</span> <span class='ocrx_word' id='word_1_23' title='bbox 388 707 415 767; x_wconf 89' lang='lat'>1.</span> <span class='ocrx_word' id='word_1_24' title='bbox 440 703 577 785; x_wconf 78' lang='grc' dir='ltr'><strong><em>λέγουσιν</em></strong></span> <span class='ocrx_word' id='word_1_25' title='bbox 601 703 728 768; x_wconf 74' lang='lat' dir='ltr'>iasine</span> <span class='ocrx_word' id='word_1_26' title='bbox 753 724 854 770; x_wconf 87' lang='lat' dir='ltr'>causa</span> <span class='ocrx_word' id='word_1_27' title='bbox 877 709 925 770; x_wconf 93' lang='lat' dir='ltr'>Bl.</span> <span class='ocrx_word' id='word_1_28' title='bbox 952 743 992 753; x_wconf 90' lang='lat'>—</span> <span class='ocrx_word' id='word_1_29' title='bbox 1017 708 1098 769; x_wconf 84' lang='lat' dir='ltr'>Cum</span> <span class='ocrx_word' id='word_1_30' title='bbox 1123 709 1185 770; x_wconf 87' lang='lat' dir='ltr'>hoc</span> <span class='ocrx_word' id='word_1_31' title='bbox 1207 708 1247 769; x_wconf 80' lang='lat' dir='ltr'>fr.</span> <span class='ocrx_word' id='word_1_32' title='bbox 1272 722 1427 783; x_wconf 86' lang='lat' dir='ltr'>compara</span> <span class='ocrx_word' id='word_1_33' title='bbox 1449 707 1551 767; x_wconf 84' lang='lat' dir='ltr'>eiiam</span> 
     </span>
     <span class='ocr_line' id='line_1_5' title="bbox 275 806 1517 872; baseline 0.002 -6"><span class='ocrx_word' id='word_1_34' title='bbox 275 806 476 868; x_wconf 79' lang='lat' dir='ltr'>Philemonis</span> <span class='ocrx_word' id='word_1_35' title='bbox 499 808 538 868; x_wconf 86' lang='lat' dir='ltr'>fr.</span> <span class='ocrx_word' id='word_1_36' title='bbox 561 809 623 868; x_wconf 84' lang='lat'>139</span> <span class='ocrx_word' id='word_1_37' title='bbox 648 812 819 871; x_wconf 82' lang='lat' dir='ltr'>sinotum</span> <span class='ocrx_word' id='word_1_38' title='bbox 842 810 950 872; x_wconf 91' lang='lat' dir='ltr'>locum</span> <span class='ocrx_word' id='word_1_39' title='bbox 975 813 1007 871; x_wconf 92' lang='lat' dir='ltr'>in</span> <span class='ocrx_word' id='word_1_40' title='bbox 1031 810 1307 872; x_wconf 80' lang='lat' dir='ltr'>Pseudo-Luciam</span> <span class='ocrx_word' id='word_1_41' title='bbox 1331 808 1517 869; x_wconf 87' lang='lat' dir='ltr'>Amoribus.</span> 
     </span>
     <span class='ocr_line' id='line_1_6' title="bbox 231 908 1552 989; baseline 0.002 -22"><span class='ocrx_word' id='word_1_42' title='bbox 231 908 282 967; x_wconf 82' lang='lat' dir='ltr'>Fr.</span> <span class='ocrx_word' id='word_1_43' title='bbox 307 909 359 983; x_wconf 92' lang='grc'>42,</span> <span class='ocrx_word' id='word_1_44' title='bbox 386 909 415 968; x_wconf 93' lang='grc'>2.</span> <span class='ocrx_word' id='word_1_45' title='bbox 448 909 579 970; x_wconf 88' lang='lat' dir='ltr'>Arridet</span> <span class='ocrx_word' id='word_1_46' title='bbox 601 910 737 972; x_wconf 87' lang='lat' dir='ltr'>Nauckii</span> <span class='ocrx_word' id='word_1_47' title='bbox 761 913 949 973; x_wconf 85' lang='lat' dir='ltr'>coniectura</span> <span class='ocrx_word' id='word_1_48' title='bbox 973 909 1201 989; x_wconf 78' lang='grc' dir='ltr'><strong><em>ὀζομοιάριχος,</em></strong></span> <span class='ocrx_word' id='word_1_49' title='bbox 1227 926 1327 985; x_wconf 84' lang='lat' dir='ltr'>quam</span> <span class='ocrx_word' id='word_1_50' title='bbox 1350 909 1436 970; x_wconf 81' lang='lat' dir='ltr'>falso</span> <span class='ocrx_word' id='word_1_51' title='bbox 1460 925 1552 984; x_wconf 90' lang='lat' dir='ltr'>argu·</span> 
     </span>
     <span class='ocr_line' id='line_1_7' title="bbox 276 1008 1553 1089; baseline 0.002 -19"><span class='ocrx_word' id='word_1_52' title='bbox 276 1012 388 1070; x_wconf 88' lang='lat' dir='ltr'>mento</span> <span class='ocrx_word' id='word_1_53' title='bbox 430 1011 603 1085; x_wconf 85' lang='lat' dir='ltr'>impugnat</span> <span class='ocrx_word' id='word_1_54' title='bbox 645 1012 752 1086; x_wconf 87' lang='lat' dir='ltr'>Kock;</span> <span class='ocrx_word' id='word_1_55' title='bbox 798 1029 862 1073; x_wconf 80' lang='lat' dir='ltr'>vox</span> <span class='ocrx_word' id='word_1_56' title='bbox 904 1014 1028 1089; x_wconf 90' lang='lat' dir='ltr'>optime</span> <span class='ocrx_word' id='word_1_57' title='bbox 1067 1012 1211 1073; x_wconf 80' lang='lat' dir='ltr'>formata</span> <span class='ocrx_word' id='word_1_58' title='bbox 1246 1013 1296 1073; x_wconf 88' lang='lat' dir='ltr'>est</span> <span class='ocrx_word' id='word_1_59' title='bbox 1332 1027 1373 1072; x_wconf 88' lang='lat' dir='ltr'>ex</span> <span class='ocrx_word' id='word_1_60' title='bbox 1409 1008 1486 1084; x_wconf 81' lang='grc' dir='ltr'><strong><em>ὄζειν</em></strong></span> <span class='ocrx_word' id='word_1_61' title='bbox 1520 1014 1553 1072; x_wconf 89' lang='lat' dir='ltr'>et</span> 
     </span>
    </p>

    <p class='ocr_par' dir='ltr' id='par_1_4' title="bbox 276 1107 465 1190">
     <span class='ocr_line' id='line_1_8' title="bbox 276 1107 465 1190; baseline 0.011 -20"><span class='ocrx_word' id='word_1_62' title='bbox 276 1107 465 1190; x_wconf 78' lang='grc' dir='ltr'><strong><em>ὠμοτάριχος.</em></strong></span> 
     </span>
    </p>

    <p class='ocr_par' dir='ltr' id='par_1_5' title="bbox 231 1211 1555 1478">
     <span class='ocr_line' id='line_1_9' title="bbox 231 1211 1553 1292; baseline 0 -19"><span class='ocrx_word' id='word_1_63' title='bbox 231 1214 282 1275; x_wconf 82' lang='lat' dir='ltr'>Fr.</span> <span class='ocrx_word' id='word_1_64' title='bbox 307 1215 359 1289; x_wconf 85' lang='lat'>45,</span> <span class='ocrx_word' id='word_1_65' title='bbox 385 1216 415 1274; x_wconf 88' lang='lat'>4.</span> <span class='ocrx_word' id='word_1_66' title='bbox 450 1211 618 1292; x_wconf 81' lang='grc' dir='ltr'><strong><em>άιιοφρίουι</em></strong></span> <span class='ocrx_word' id='word_1_67' title='bbox 656 1212 806 1292; x_wconf 81' lang='lat' dir='ltr'>(verbum</span> <span class='ocrx_word' id='word_1_68' title='bbox 842 1217 926 1290; x_wconf 89' lang='lat' dir='ltr'>apud</span> <span class='ocrx_word' id='word_1_69' title='bbox 962 1216 1053 1277; x_wconf 90' lang='lat' dir='ltr'>solos</span> <span class='ocrx_word' id='word_1_70' title='bbox 1090 1217 1292 1292; x_wconf 82' lang='lat' dir='ltr'>Geoponicos</span> <span class='ocrx_word' id='word_1_71' title='bbox 1326 1215 1460 1284; x_wconf 82' lang='lat' dir='ltr'>lectum)</span> <span class='ocrx_word' id='word_1_72' title='bbox 1495 1228 1553 1288; x_wconf 93' lang='lat' dir='ltr'>pro</span> 
     </span>
     <span class='ocr_line' id='line_1_10' title="bbox 275 1312 1555 1394; baseline 0.002 -21"><span class='ocrx_word' id='word_1_73' title='bbox 275 1312 441 1394; x_wconf 81' lang='grc' dir='ltr'><strong><em>ἀφυβρίσαι</em></strong></span> <span class='ocrx_word' id='word_1_74' title='bbox 461 1317 600 1377; x_wconf 89' lang='lat' dir='ltr'>coniecit</span> <span class='ocrx_word' id='word_1_75' title='bbox 622 1315 670 1376; x_wconf 91' lang='lat' dir='ltr'>Bl.</span> <span class='ocrx_word' id='word_1_76' title='bbox 694 1317 898 1392; x_wconf 83' lang='lat' dir='ltr'>ingeniosius</span> <span class='ocrx_word' id='word_1_77' title='bbox 921 1333 1020 1392; x_wconf 87' lang='lat' dir='ltr'>quam</span> <span class='ocrx_word' id='word_1_78' title='bbox 1042 1318 1161 1378; x_wconf 88' lang='lat' dir='ltr'>verius.</span> <span class='ocrx_word' id='word_1_79' title='bbox 1187 1318 1329 1393; x_wconf 77' lang='lat' dir='ltr'>Vulgata</span> <span class='ocrx_word' id='word_1_80' title='bbox 1351 1316 1449 1377; x_wconf 87' lang='lat' dir='ltr'>lectio</span> <span class='ocrx_word' id='word_1_81' title='bbox 1472 1329 1555 1377; x_wconf 89' lang='lat' dir='ltr'>sana</span> 
     </span>
     <span class='ocr_line' id='line_1_11' title="bbox 276 1418 416 1478; baseline 0.014 -2"><span class='ocrx_word' id='word_1_82' title='bbox 276 1418 416 1478; x_wconf 86' lang='lat' dir='ltr'>videtur.</span> 
     </span>
    </p>

    <p class='ocr_par' dir='ltr' id='par_1_6' title="bbox 231 1517 1552 1699">
     <span class='ocr_line' id='line_1_12' title="bbox 231 1517 1552 1597; baseline 0 -19"><span class='ocrx_word' id='word_1_83' title='bbox 231 1519 281 1579; x_wconf 82' lang='lat' dir='ltr'>Fr.</span> <span class='ocrx_word' id='word_1_84' title='bbox 318 1521 371 1594; x_wconf 91' lang='grc'>48,</span> <span class='ocrx_word' id='word_1_85' title='bbox 397 1521 427 1580; x_wconf 87' lang='grc'>3.</span> <span class='ocrx_word' id='word_1_86' title='bbox 459 1519 575 1580; x_wconf 87' lang='lat' dir='ltr'>Kockii</span> <span class='ocrx_word' id='word_1_87' title='bbox 607 1521 831 1581; x_wconf 89' lang='lat' dir='ltr'>coniecturam</span> <span class='ocrx_word' id='word_1_88' title='bbox 862 1522 896 1581; x_wconf 90' lang='lat' dir='ltr'>et</span> <span class='ocrx_word' id='word_1_89' title='bbox 926 1536 986 1596; x_wconf 87' lang='lat' dir='ltr'>ego</span> <span class='ocrx_word' id='word_1_90' title='bbox 1010 1521 1089 1582; x_wconf 93' lang='lat' dir='ltr'>olim</span> <span class='ocrx_word' id='word_1_91' title='bbox 1113 1519 1298 1597; x_wconf 83' lang='lat' dir='ltr'>improbavi</span> <span class='ocrx_word' id='word_1_92' title='bbox 1320 1520 1355 1580; x_wconf 86' lang='lat' dir='ltr'>et</span> <span class='ocrx_word' id='word_1_93' title='bbox 1377 1533 1466 1579; x_wconf 90' lang='lat' dir='ltr'>nunc</span> <span class='ocrx_word' id='word_1_94' title='bbox 1487 1517 1552 1593; x_wconf 81' lang='lat' dir='ltr'>Bi,</span> 
     </span>
     <span class='ocr_line' id='line_1_13' title="bbox 275 1619 1110 1699; baseline 0.001 -19"><span class='ocrx_word' id='word_1_95' title='bbox 275 1621 330 1694; x_wconf 87' lang='lat' dir='ltr'>qui</span> <span class='ocrx_word' id='word_1_96' title='bbox 352 1621 520 1682; x_wconf 84' lang='lat' dir='ltr'>immerito</span> <span class='ocrx_word' id='word_1_97' title='bbox 544 1621 577 1681; x_wconf 91' lang='lat' dir='ltr'>in</span> <span class='ocrx_word' id='word_1_98' title='bbox 600 1621 638 1682; x_wconf 86' lang='lat' dir='ltr'>ir.</span> <span class='ocrx_word' id='word_1_99' title='bbox 663 1622 705 1681; x_wconf 84' lang='grc'>49</span> <span class='ocrx_word' id='word_1_100' title='bbox 730 1624 842 1684; x_wconf 83' lang='lat' dir='ltr'>luetur</span> <span class='ocrx_word' id='word_1_101' title='bbox 864 1619 1110 1699; x_wconf 79' lang='grc' dir='ltr'><strong><em>ιάιιεοτολμένον.</em></strong></span> 
     </span>
    </p>

    <p class='ocr_par' dir='ltr' id='par_1_7' title="bbox 231 1720 1554 1899">
     <span class='ocr_line' id='line_1_14' title="bbox 231 1720 1554 1806; baseline -0.001 -25"><span class='ocrx_word' id='word_1_102' title='bbox 231 1722 282 1782; x_wconf 82' lang='lat' dir='ltr'>Fr.</span> <span class='ocrx_word' id='word_1_103' title='bbox 308 1724 359 1782; x_wconf 88' lang='grc'>55.</span> <span class='ocrx_word' id='word_1_104' title='bbox 384 1722 432 1782; x_wconf 90' lang='lat' dir='ltr'>Bl.</span> <span class='ocrx_word' id='word_1_105' title='bbox 469 1721 520 1794; x_wconf 84' lang='grc' dir='ltr'>δὸς</span> <span class='ocrx_word' id='word_1_106' title='bbox 552 1728 621 1797; x_wconf 76' lang='lat' dir='ltr'>(pro</span> <span class='ocrx_word' id='word_1_107' title='bbox 651 1720 712 1792; x_wconf 80' lang='grc' dir='ltr'><strong><em>νοὶ)</em></strong></span> <span class='ocrx_word' id='word_1_108' title='bbox 745 1723 876 1806; x_wconf 78' lang='grc' dir='ltr'><strong><em>Ζοιιάρρ</em></strong></span> <span class='ocrx_word' id='word_1_109' title='bbox 906 1724 1078 1785; x_wconf 87' lang='lat' dir='ltr'>violenter.</span> <span class='ocrx_word' id='word_1_110' title='bbox 1111 1723 1192 1800; x_wconf 83' lang='lat' dir='ltr'>Quid</span> <span class='ocrx_word' id='word_1_111' title='bbox 1223 1722 1439 1798; x_wconf 82' lang='lat' dir='ltr'>praecesserit</span> <span class='ocrx_word' id='word_1_112' title='bbox 1465 1735 1554 1781; x_wconf 89' lang='lat' dir='ltr'>secu·</span> 
     </span>
     <span class='ocr_line' id='line_1_15' title="bbox 275 1823 1443 1899; baseline -0.002 -15"><span class='ocrx_word' id='word_1_113' title='bbox 275 1826 390 1884; x_wconf 88' lang='lat' dir='ltr'>tumve</span> <span class='ocrx_word' id='word_1_114' title='bbox 413 1824 458 1884; x_wconf 88' lang='lat' dir='ltr'>sit</span> <span class='ocrx_word' id='word_1_115' title='bbox 480 1824 709 1899; x_wconf 84' lang='lat' dir='ltr'>ignorantibus</span> <span class='ocrx_word' id='word_1_116' title='bbox 731 1824 813 1885; x_wconf 88' lang='lat' dir='ltr'>talia</span> <span class='ocrx_word' id='word_1_117' title='bbox 836 1828 966 1886; x_wconf 87' lang='lat' dir='ltr'>mutare</span> <span class='ocrx_word' id='word_1_118' title='bbox 989 1825 1077 1887; x_wconf 88' lang='lat' dir='ltr'>male</span> <span class='ocrx_word' id='word_1_119' title='bbox 1102 1841 1204 1887; x_wconf 88' lang='lat' dir='ltr'>sanae</span> <span class='ocrx_word' id='word_1_120' title='bbox 1227 1826 1280 1886; x_wconf 84' lang='lat' dir='ltr'>esi</span> <span class='ocrx_word' id='word_1_121' title='bbox 1303 1823 1443 1883; x_wconf 87' lang='lat' dir='ltr'>critices.</span> 
     </span>
    </p>

    <p class='ocr_par' dir='ltr' id='par_1_8' title="bbox 231 1923 1554 2408">
     <span class='ocr_line' id='line_1_16' title="bbox 231 1923 1554 2003; baseline -0.001 -19"><span class='ocrx_word' id='word_1_122' title='bbox 231 1925 282 1985; x_wconf 87' lang='lat' dir='ltr'>Fr.</span> <span class='ocrx_word' id='word_1_123' title='bbox 307 1927 360 2001; x_wconf 87' lang='grc'>56,</span> <span class='ocrx_word' id='word_1_124' title='bbox 386 1927 405 1985; x_wconf 87' lang='grc'><strong>6</strong></span> <span class='ocrx_word' id='word_1_125' title='bbox 440 1923 554 1996; x_wconf 76' lang='grc' dir='ltr'><strong><em>πάντας</em></strong></span> <span class='ocrx_word' id='word_1_126' title='bbox 586 1926 618 1986; x_wconf 94' lang='lat' dir='ltr'>in</span> <span class='ocrx_word' id='word_1_127' title='bbox 649 1923 769 1996; x_wconf 85' lang='grc' dir='ltr'><strong><em>ιιάντος</em></strong></span> <span class='ocrx_word' id='word_1_128' title='bbox 799 1929 909 1987; x_wconf 86' lang='lat' dir='ltr'>mutat</span> <span class='ocrx_word' id='word_1_129' title='bbox 931 1927 1036 2003; x_wconf 85' lang='lat' dir='ltr'>Kock,</span> <span class='ocrx_word' id='word_1_130' title='bbox 1069 1927 1179 1988; x_wconf 91' lang='lat' dir='ltr'>locum</span> <span class='ocrx_word' id='word_1_131' title='bbox 1203 1938 1374 2002; x_wconf 79' lang='lat' dir='ltr'>perperam</span> <span class='ocrx_word' id='word_1_132' title='bbox 1399 1925 1554 1998; x_wconf 83' lang='lat' dir='ltr'>iuterpre-</span> 
     </span>
     <span class='ocr_line' id='line_1_17' title="bbox 276 2024 1552 2104; baseline -0.003 -18"><span class='ocrx_word' id='word_1_133' title='bbox 276 2028 381 2101; x_wconf 88' lang='lat' dir='ltr'>tatus‚</span> <span class='ocrx_word' id='word_1_134' title='bbox 413 2042 473 2086; x_wconf 90' lang='lat' dir='ltr'>nec</span> <span class='ocrx_word' id='word_1_135' title='bbox 504 2026 624 2087; x_wconf 91' lang='lat' dir='ltr'>melius</span> <span class='ocrx_word' id='word_1_136' title='bbox 654 2025 702 2086; x_wconf 93' lang='lat' dir='ltr'>Bl.</span> <span class='ocrx_word' id='word_1_137' title='bbox 733 2041 781 2086; x_wconf 86' lang='lat' dir='ltr'>vs.</span> <span class='ocrx_word' id='word_1_138' title='bbox 807 2029 825 2087; x_wconf 96' lang='grc'>5</span> <span class='ocrx_word' id='word_1_139' title='bbox 858 2026 953 2104; x_wconf 85' lang='grc' dir='ltr'><strong><em>μόνον</em></strong></span> <span class='ocrx_word' id='word_1_140' title='bbox 983 2029 1017 2088; x_wconf 92' lang='lat' dir='ltr'>in</span> <span class='ocrx_word' id='word_1_141' title='bbox 1048 2028 1154 2104; x_wconf 79' lang='grc' dir='ltr'><strong><em>μόνοις</em></strong></span> <span class='ocrx_word' id='word_1_142' title='bbox 1178 2030 1213 2088; x_wconf 83' lang='lat' dir='ltr'>et</span> <span class='ocrx_word' id='word_1_143' title='bbox 1237 2043 1285 2087; x_wconf 80' lang='grc' dir='ltr'>τε.</span> <span class='ocrx_word' id='word_1_144' title='bbox 1309 2028 1329 2086; x_wconf 88' lang='lat'><strong>6</strong></span> <span class='ocrx_word' id='word_1_145' title='bbox 1352 2034 1454 2084; x_wconf 76' lang='grc' dir='ltr'><strong><em>πᾶσιν.</em></strong></span> <span class='ocrx_word' id='word_1_146' title='bbox 1478 2024 1552 2084; x_wconf 84' lang='lat' dir='ltr'>&#39;lra-</span> 
     </span>
     <span class='ocr_line' id='line_1_18' title="bbox 276 2123 1554 2207; baseline -0.005 -19"><span class='ocrx_word' id='word_1_147' title='bbox 276 2128 364 2188; x_wconf 89' lang='lat' dir='ltr'>ditae</span> <span class='ocrx_word' id='word_1_148' title='bbox 387 2129 568 2203; x_wconf 82' lang='lat' dir='ltr'>scripturae</span> <span class='ocrx_word' id='word_1_149' title='bbox 587 2127 784 2188; x_wconf 88' lang='lat' dir='ltr'>sanissimae</span> <span class='ocrx_word' id='word_1_150' title='bbox 803 2133 892 2189; x_wconf 87' lang='lat' dir='ltr'>sunt.</span> <span class='ocrx_word' id='word_1_151' title='bbox 917 2129 1069 2206; x_wconf 79' lang='grc' dir='ltr'><strong><em>Ζημλον</em></strong></span> <span class='ocrx_word' id='word_1_152' title='bbox 1092 2137 1157 2207; x_wconf 75' lang='grc' dir='ltr'>τῆς</span> <span class='ocrx_word' id='word_1_153' title='bbox 1180 2125 1316 2205; x_wconf 80' lang='grc' dir='ltr'><strong><em>τέχνης</em></strong></span> <span class='ocrx_word' id='word_1_154' title='bbox 1339 2128 1437 2202; x_wconf 85' lang='lat' dir='ltr'>poeta</span> <span class='ocrx_word' id='word_1_155' title='bbox 1457 2123 1554 2187; x_wconf 86' lang='lat' dir='ltr'>vocat</span> 
     </span>
     <span class='ocr_line' id='line_1_19' title="bbox 275 2226 1552 2304; baseline 0 -16"><span class='ocrx_word' id='word_1_156' title='bbox 275 2230 331 2302; x_wconf 88' lang='lat' dir='ltr'>qui</span> <span class='ocrx_word' id='word_1_157' title='bbox 361 2244 426 2289; x_wconf 90' lang='lat' dir='ltr'>non</span> <span class='ocrx_word' id='word_1_158' title='bbox 456 2231 508 2289; x_wconf 83' lang='lat' dir='ltr'>tol</span> <span class='ocrx_word' id='word_1_159' title='bbox 537 2229 645 2304; x_wconf 88' lang='lat' dir='ltr'>pisces</span> <span class='ocrx_word' id='word_1_160' title='bbox 672 2231 788 2289; x_wconf 82' lang='lat' dir='ltr'>emunt</span> <span class='ocrx_word' id='word_1_161' title='bbox 817 2233 896 2303; x_wconf 88' lang='lat' dir='ltr'>quot</span> <span class='ocrx_word' id='word_1_162' title='bbox 927 2229 1140 2292; x_wconf 83' lang='lat' dir='ltr'>Callimedon.</span> <span class='ocrx_word' id='word_1_163' title='bbox 1166 2264 1206 2274; x_wconf 93' lang='lat'>—</span> <span class='ocrx_word' id='word_1_164' title='bbox 1238 2229 1293 2289; x_wconf 91' lang='lat' dir='ltr'>Vs.</span> <span class='ocrx_word' id='word_1_165' title='bbox 1325 2230 1355 2290; x_wconf 87' lang='lat'>4.</span> <span class='ocrx_word' id='word_1_166' title='bbox 1390 2226 1472 2289; x_wconf 82' lang='lat' dir='ltr'>(lum</span> <span class='ocrx_word' id='word_1_167' title='bbox 1503 2226 1552 2288; x_wconf 92' lang='lat' dir='ltr'>Bl.</span> 
     </span>
     <span class='ocr_line' id='line_1_20' title="bbox 278 2325 824 2408; baseline -0.005 -18"><span class='ocrx_word' id='word_1_168' title='bbox 278 2329 393 2390; x_wconf 83' lang='lat' dir='ltr'>malim</span> <span class='ocrx_word' id='word_1_169' title='bbox 417 2329 551 2408; x_wconf 81' lang='grc' dir='ltr'><strong><em>κάραβον</em></strong></span> <span class='ocrx_word' id='word_1_170' title='bbox 574 2327 700 2408; x_wconf 72' lang='grc' dir='ltr'><strong><em>ἔχουσαν</em></strong></span> <span class='ocrx_word' id='word_1_171' title='bbox 723 2325 824 2389; x_wconf 84' lang='grc' dir='ltr'><strong><em>ὀπτὸν.</em></strong></span> 
     </span>
    </p>

    <p class='ocr_par' dir='ltr' id='par_1_9' title="bbox 232 2428 1553 2508">
     <span class='ocr_line' id='line_1_21' title="bbox 232 2428 1553 2508; baseline 0.001 -18"><span class='ocrx_word' id='word_1_172' title='bbox 232 2431 283 2491; x_wconf 81' lang='lat' dir='ltr'>Fr.</span> <span class='ocrx_word' id='word_1_173' title='bbox 309 2431 362 2491; x_wconf 89' lang='grc'>58.</span> <span class='ocrx_word' id='word_1_174' title='bbox 387 2431 435 2492; x_wconf 89' lang='lat' dir='ltr'>Bl.</span> <span class='ocrx_word' id='word_1_175' title='bbox 458 2428 524 2502; x_wconf 80' lang='grc' dir='ltr'>τὰς</span> <span class='ocrx_word' id='word_1_176' title='bbox 548 2429 730 2508; x_wconf 75' lang='grc' dir='ltr'><strong><em>φιλοτησίας.</em></strong></span> <span class='ocrx_word' id='word_1_177' title='bbox 751 2431 812 2492; x_wconf 88' lang='lat' dir='ltr'>Sed</span> <span class='ocrx_word' id='word_1_178' title='bbox 838 2431 877 2492; x_wconf 84' lang='lat' dir='ltr'>cf.</span> <span class='ocrx_word' id='word_1_179' title='bbox 898 2431 1092 2508; x_wconf 84' lang='lat' dir='ltr'>Bekk.-An.,</span> <span class='ocrx_word' id='word_1_180' title='bbox 1112 2433 1221 2494; x_wconf 88' lang='lat' dir='ltr'>locum</span> <span class='ocrx_word' id='word_1_181' title='bbox 1234 2430 1553 2493; x_wconf 83' lang='lat' dir='ltr'>allatumaKochio.</span> 
     </span>
    </p>

    <p class='ocr_par' dir='ltr' id='par_1_10' title="bbox 233 2525 1553 2713">
     <span class='ocr_line' id='line_1_22' title="bbox 233 2525 1553 2612; baseline 0.001 -20"><span class='ocrx_word' id='word_1_182' title='bbox 233 2533 283 2592; x_wconf 84' lang='lat' dir='ltr'>Fr.</span> <span class='ocrx_word' id='word_1_183' title='bbox 309 2535 361 2608; x_wconf 82' lang='lat'>59,</span> <span class='ocrx_word' id='word_1_184' title='bbox 390 2536 417 2594; x_wconf 87' lang='lat'>1.</span> <span class='ocrx_word' id='word_1_185' title='bbox 453 2526 578 2610; x_wconf 58' lang='grc' dir='ltr'><strong><em>φέροντά</em></strong></span> <span class='ocrx_word' id='word_1_186' title='bbox 617 2525 729 2592; x_wconf 80' lang='grc' dir='ltr'><strong><em>οἶνον</em></strong></span> <span class='ocrx_word' id='word_1_187' title='bbox 763 2533 877 2612; x_wconf 77' lang='grc' dir='ltr'><strong><em>γλυκὺν</em></strong></span> <span class='ocrx_word' id='word_1_188' title='bbox 908 2534 1013 2609; x_wconf 85' lang='lat' dir='ltr'>Kock,</span> <span class='ocrx_word' id='word_1_189' title='bbox 1046 2536 1209 2610; x_wconf 76' lang='lat' dir='ltr'>sagaciter</span> <span class='ocrx_word' id='word_1_190' title='bbox 1238 2550 1303 2597; x_wconf 83' lang='lat' dir='ltr'>sec.</span> <span class='ocrx_word' id='word_1_191' title='bbox 1331 2533 1395 2610; x_wconf 77' lang='lat' dir='ltr'>Bi,</span> <span class='ocrx_word' id='word_1_192' title='bbox 1426 2535 1553 2594; x_wconf 82' lang='lat' dir='ltr'>temere</span> 
     </span>
     <span class='ocr_line' id='line_1_23' title="bbox 276 2634 1268 2713; baseline 0.002 -18"><span class='ocrx_word' id='word_1_193' title='bbox 276 2651 329 2696; x_wconf 92' lang='lat' dir='ltr'>me</span> <span class='ocrx_word' id='word_1_194' title='bbox 352 2635 468 2696; x_wconf 88' lang='lat' dir='ltr'>iudice.</span> <span class='ocrx_word' id='word_1_195' title='bbox 493 2635 657 2709; x_wconf 77' lang='lat' dir='ltr'>Legitima</span> <span class='ocrx_word' id='word_1_196' title='bbox 679 2634 806 2696; x_wconf 82' lang='lat' dir='ltr'>obtinet</span> <span class='ocrx_word' id='word_1_197' title='bbox 829 2636 965 2710; x_wconf 89' lang='lat' dir='ltr'>ellipsis.</span> <span class='ocrx_word' id='word_1_198' title='bbox 990 2636 1036 2697; x_wconf 82' lang='lat' dir='ltr'>cf.</span> <span class='ocrx_word' id='word_1_199' title='bbox 1061 2637 1100 2697; x_wconf 86' lang='lat' dir='ltr'>fr.</span> <span class='ocrx_word' id='word_1_200' title='bbox 1127 2638 1200 2713; x_wconf 83' lang='grc'>175,</span> <span class='ocrx_word' id='word_1_201' title='bbox 1229 2638 1268 2698; x_wconf 85' lang='grc'>13</span> 
     </span>
    </p>
   </div>
   <div class='ocr_carea' id='block_1_3' title="bbox 599 2735 1173 2822">
    <p class='ocr_par' dir='ltr' id='par_1_11' title="bbox 599 2735 1173 2822">
     <span class='ocr_line' id='line_1_24' title="bbox 599 2735 1173 2822; baseline -0.002 -25"><span class='ocrx_word' id='word_1_202' title='bbox 599 2735 760 2814; x_wconf 77' lang='grc' dir='ltr'><strong><em>βοτρύδιόν</em></strong></span> <span class='ocrx_word' id='word_1_203' title='bbox 784 2760 825 2815; x_wconf 84' lang='grc' dir='ltr'>τι,</span> <span class='ocrx_word' id='word_1_204' title='bbox 847 2737 964 2816; x_wconf 80' lang='grc' dir='ltr'><strong><em>χόριον,</em></strong></span> <span class='ocrx_word' id='word_1_205' title='bbox 987 2735 1019 2798; x_wconf 77' lang='grc' dir='ltr'><strong><em>ἐν</em></strong></span> <span class='ocrx_word' id='word_1_206' title='bbox 1042 2738 1173 2822; x_wconf 78' lang='grc' dir='ltr'><strong><em>ποτηρίῳ</em></strong></span> 
     </span>
    </p>
   </div>
   <div class='ocr_carea' id='block_1_4' title="bbox 229 2837 1558 4945">
    <p class='ocr_par' dir='ltr' id='par_1_12' title="bbox 274 2837 1554 3103">
     <span class='ocr_line' id='line_1_25' title="bbox 600 2837 1059 2917; baseline 0.002 -20"><span class='ocrx_word' id='word_1_207' title='bbox 600 2839 762 2917; x_wconf 78' lang='grc' dir='ltr'><strong><em>γλυκύν·</em></strong></span> <span class='ocrx_word' id='word_1_208' title='bbox 786 2838 818 2899; x_wconf 87' lang='grc' dir='ltr'>τὸ</span> <span class='ocrx_word' id='word_1_209' title='bbox 842 2847 980 2899; x_wconf 84' lang='grc' dir='ltr'><strong><em>τοιοῦτον</em></strong></span> <span class='ocrx_word' id='word_1_210' title='bbox 1003 2837 1059 2899; x_wconf 81' lang='grc' dir='ltr'>κτὲ.</span> 
     </span>
     <span class='ocr_line' id='line_1_26' title="bbox 277 2940 1554 3017; baseline -0.002 -17"><span class='ocrx_word' id='word_1_211' title='bbox 277 2940 374 3001; x_wconf 86' lang='lat' dir='ltr'>Nulla</span> <span class='ocrx_word' id='word_1_212' title='bbox 406 2941 520 3002; x_wconf 89' lang='lat' dir='ltr'>autem</span> <span class='ocrx_word' id='word_1_213' title='bbox 551 2942 603 3001; x_wconf 88' lang='lat' dir='ltr'>est</span> <span class='ocrx_word' id='word_1_214' title='bbox 633 2941 666 3000; x_wconf 92' lang='lat' dir='ltr'>in</span> <span class='ocrx_word' id='word_1_215' title='bbox 698 2941 836 3002; x_wconf 90' lang='lat' dir='ltr'>articulo</span> <span class='ocrx_word' id='word_1_216' title='bbox 867 2941 1018 3017; x_wconf 83' lang='lat' dir='ltr'>offensio,</span> <span class='ocrx_word' id='word_1_217' title='bbox 1050 2942 1078 3002; x_wconf 87' lang='lat' dir='ltr'>si</span> <span class='ocrx_word' id='word_1_218' title='bbox 1108 2942 1148 3001; x_wconf 86' lang='lat' dir='ltr'>in</span> <span class='ocrx_word' id='word_1_219' title='bbox 1165 2942 1368 3017; x_wconf 87' lang='lat' dir='ltr'>praegressis</span> <span class='ocrx_word' id='word_1_220' title='bbox 1390 2942 1462 3001; x_wconf 85' lang='lat' dir='ltr'>eius</span> <span class='ocrx_word' id='word_1_221' title='bbox 1486 2940 1554 2999; x_wconf 87' lang='lat' dir='ltr'>vini</span> 
     </span>
     <span class='ocr_line' id='line_1_27' title="bbox 274 3042 707 3103; baseline 0.002 -2"><span class='ocrx_word' id='word_1_222' title='bbox 274 3044 343 3103; x_wconf 90' lang='lat' dir='ltr'>iam</span> <span class='ocrx_word' id='word_1_223' title='bbox 366 3042 454 3102; x_wconf 85' lang='lat' dir='ltr'>facta</span> <span class='ocrx_word' id='word_1_224' title='bbox 477 3045 549 3103; x_wconf 84' lang='lat' dir='ltr'>erat</span> <span class='ocrx_word' id='word_1_225' title='bbox 572 3044 707 3103; x_wconf 88' lang='lat' dir='ltr'>mentio.</span> 
     </span>
    </p>

    <p class='ocr_par' dir='ltr' id='par_1_13' title="bbox 232 3142 1195 3222">
     <span class='ocr_line' id='line_1_28' title="bbox 232 3142 1195 3222; baseline -0.001 -19"><span class='ocrx_word' id='word_1_226' title='bbox 232 3144 283 3204; x_wconf 81' lang='lat' dir='ltr'>Fr.</span> <span class='ocrx_word' id='word_1_227' title='bbox 309 3145 361 3204; x_wconf 91' lang='lat'>60.</span> <span class='ocrx_word' id='word_1_228' title='bbox 992 3142 1047 3221; x_wconf 68' lang='grc' dir='ltr'><strong><em>τήν</em></strong></span> <span class='ocrx_word' id='word_1_229' title='bbox 1071 3144 1195 3222; x_wconf 81' lang='grc' dir='ltr'><strong><em>σπάθην</em></strong></span> 
     </span>
    </p>

    <p class='ocr_par' dir='ltr' id='par_1_14' title="bbox 274 3242 1554 3826">
     <span class='ocr_line' id='line_1_29' title="bbox 586 3242 958 3328; baseline -0.005 -24"><span class='ocrx_word' id='word_1_230' title='bbox 586 3242 618 3304; x_wconf 79' lang='grc' dir='ltr'><strong><em>ἒν</em></strong></span> <span class='ocrx_word' id='word_1_231' title='bbox 642 3254 681 3327; x_wconf 78' lang='grc' dir='ltr'>τῷ</span> <span class='ocrx_word' id='word_1_232' title='bbox 705 3246 790 3328; x_wconf 78' lang='grc' dir='ltr'><strong><em>μύρῳ</em></strong></span> <span class='ocrx_word' id='word_1_233' title='bbox 814 3249 958 3323; x_wconf 79' lang='grc' dir='ltr'><strong><em>καθῆκεν.</em></strong></span> 
     </span>
     <span class='ocr_line' id='line_1_30' title="bbox 276 3344 1554 3423; baseline -0.002 -18"><span class='ocrx_word' id='word_1_234' title='bbox 276 3344 397 3405; x_wconf 80' lang='lat' dir='ltr'>Comici</span> <span class='ocrx_word' id='word_1_235' title='bbox 433 3345 526 3405; x_wconf 83' lang='lat' dir='ltr'>attici</span> <span class='ocrx_word' id='word_1_236' title='bbox 561 3347 661 3406; x_wconf 83' lang='lat' dir='ltr'>attice</span> <span class='ocrx_word' id='word_1_237' title='bbox 695 3346 920 3423; x_wconf 86' lang='lat' dir='ltr'>loquebantur,</span> <span class='ocrx_word' id='word_1_238' title='bbox 957 3348 1082 3423; x_wconf 86' lang='lat' dir='ltr'>opinor,</span> <span class='ocrx_word' id='word_1_239' title='bbox 1122 3362 1187 3407; x_wconf 89' lang='lat' dir='ltr'>uon</span> <span class='ocrx_word' id='word_1_240' title='bbox 1228 3346 1408 3420; x_wconf 84' lang='lat' dir='ltr'>homerico,</span> <span class='ocrx_word' id='word_1_241' title='bbox 1443 3345 1554 3417; x_wconf 85' lang='lat' dir='ltr'>itaque</span> 
     </span>
     <span class='ocr_line' id='line_1_31' title="bbox 275 3445 1552 3526; baseline -0.001 -21"><span class='ocrx_word' id='word_1_242' title='bbox 275 3461 380 3520; x_wconf 87' lang='lat' dir='ltr'>neque</span> <span class='ocrx_word' id='word_1_243' title='bbox 415 3446 581 3507; x_wconf 91' lang='lat' dir='ltr'>homerico</span> <span class='ocrx_word' id='word_1_244' title='bbox 616 3445 648 3505; x_wconf 81' lang='grc' dir='ltr'><strong><em>ἐν</em></strong></span> <span class='ocrx_word' id='word_1_245' title='bbox 679 3445 752 3525; x_wconf 83' lang='grc' dir='ltr'><strong><em>ιιυρὶ</em></strong></span> <span class='ocrx_word' id='word_1_246' title='bbox 782 3449 901 3526; x_wconf 77' lang='grc' dir='ltr'>βάλλειν</span> <span class='ocrx_word' id='word_1_247' title='bbox 932 3463 1036 3523; x_wconf 87' lang='lat' dir='ltr'>neque</span> <span class='ocrx_word' id='word_1_248' title='bbox 1066 3448 1141 3508; x_wconf 87' lang='lat' dir='ltr'>aliis</span> <span class='ocrx_word' id='word_1_249' title='bbox 1171 3447 1336 3508; x_wconf 90' lang='lat' dir='ltr'>similibus</span> <span class='ocrx_word' id='word_1_250' title='bbox 1367 3446 1448 3507; x_wconf 89' lang='lat' dir='ltr'>haec</span> <span class='ocrx_word' id='word_1_251' title='bbox 1478 3459 1552 3516; x_wconf 87' lang='lat' dir='ltr'>syn·</span> 
     </span>
     <span class='ocr_line' id='line_1_32' title="bbox 274 3545 1511 3628; baseline -0.002 -21"><span class='ocrx_word' id='word_1_252' title='bbox 274 3549 364 3608; x_wconf 83' lang='lat' dir='ltr'>taxis</span> <span class='ocrx_word' id='word_1_253' title='bbox 387 3548 581 3609; x_wconf 84' lang='lat' dir='ltr'>defenditur.</span> <span class='ocrx_word' id='word_1_254' title='bbox 606 3548 746 3622; x_wconf 85' lang='lat' dir='ltr'>Requiro</span> <span class='ocrx_word' id='word_1_255' title='bbox 770 3546 799 3621; x_wconf 78' lang='grc' dir='ltr'>ἐς</span> <span class='ocrx_word' id='word_1_256' title='bbox 822 3548 854 3610; x_wconf 79' lang='grc' dir='ltr'>τὸ</span> <span class='ocrx_word' id='word_1_257' title='bbox 879 3549 976 3627; x_wconf 87' lang='grc' dir='ltr'><strong><em>μύρον</em></strong></span> <span class='ocrx_word' id='word_1_258' title='bbox 999 3546 1182 3628; x_wconf 64' lang='lat' dir='ltr'>tyrannica,</span> <span class='ocrx_word' id='word_1_259' title='bbox 1205 3551 1241 3608; x_wconf 82' lang='lat' dir='ltr'>ut</span> <span class='ocrx_word' id='word_1_260' title='bbox 1265 3549 1319 3608; x_wconf 86' lang='lat' dir='ltr'>Ar.</span> <span class='ocrx_word' id='word_1_261' title='bbox 1344 3548 1420 3621; x_wconf 87' lang='lat' dir='ltr'>Lys.</span> <span class='ocrx_word' id='word_1_262' title='bbox 1446 3545 1511 3605; x_wconf 84' lang='lat'>308</span> 
     </span>
     <span class='ocr_line' id='line_1_33' title="bbox 429 3644 1362 3729; baseline 0 -23"><span class='ocrx_word' id='word_1_263' title='bbox 429 3657 481 3726; x_wconf 78' lang='grc' dir='ltr'>τῆς</span> <span class='ocrx_word' id='word_1_264' title='bbox 505 3646 640 3724; x_wconf 76' lang='grc' dir='ltr'><strong><em>ἀμπέλου</em></strong></span> <span class='ocrx_word' id='word_1_265' title='bbox 664 3644 691 3709; x_wconf 83' lang='grc' dir='ltr'>δ’</span> <span class='ocrx_word' id='word_1_266' title='bbox 718 3647 747 3722; x_wconf 73' lang='grc' dir='ltr'>ἒς</span> <span class='ocrx_word' id='word_1_267' title='bbox 768 3648 822 3727; x_wconf 78' lang='grc' dir='ltr'><strong><em>τὴν</em></strong></span> <span class='ocrx_word' id='word_1_268' title='bbox 845 3651 956 3729; x_wconf 80' lang='grc' dir='ltr'><strong><em>χύτραν</em></strong></span> <span class='ocrx_word' id='word_1_269' title='bbox 979 3650 1031 3711; x_wconf 87' lang='grc' dir='ltr'><strong><em>τὸν</em></strong></span> <span class='ocrx_word' id='word_1_270' title='bbox 1055 3648 1156 3726; x_wconf 82' lang='grc' dir='ltr'><strong><em>φανὸν</em></strong></span> <span class='ocrx_word' id='word_1_271' title='bbox 1179 3646 1362 3729; x_wconf 74' lang='grc' dir='ltr'>ἐγκαθέντες.</span> 
     </span>
     <span class='ocr_line' id='line_1_34' title="bbox 274 3751 951 3826; baseline 0.003 -16"><span class='ocrx_word' id='word_1_272' title='bbox 274 3751 320 3812; x_wconf 91' lang='lat' dir='ltr'>De</span> <span class='ocrx_word' id='word_1_273' title='bbox 344 3766 379 3811; x_wconf 91' lang='lat' dir='ltr'>re</span> <span class='ocrx_word' id='word_1_274' title='bbox 402 3752 450 3811; x_wconf 92' lang='lat' dir='ltr'>Bl.</span> <span class='ocrx_word' id='word_1_275' title='bbox 475 3751 531 3811; x_wconf 83' lang='lat' dir='ltr'>cit.</span> <span class='ocrx_word' id='word_1_276' title='bbox 555 3751 789 3826; x_wconf 82' lang='lat' dir='ltr'>Aristophanis</span> <span class='ocrx_word' id='word_1_277' title='bbox 812 3753 851 3812; x_wconf 87' lang='lat' dir='ltr'>fr.</span> <span class='ocrx_word' id='word_1_278' title='bbox 877 3753 951 3812; x_wconf 89' lang='grc'>205.</span> 
     </span>
    </p>

    <p class='ocr_par' dir='ltr' id='par_1_15' title="bbox 229 3850 1554 4130">
     <span class='ocr_line' id='line_1_35' title="bbox 229 3850 1554 3928; baseline -0.002 -16"><span class='ocrx_word' id='word_1_279' title='bbox 229 3852 281 3912; x_wconf 81' lang='lat' dir='ltr'>Fr.</span> <span class='ocrx_word' id='word_1_280' title='bbox 306 3855 358 3912; x_wconf 82' lang='lat'>62.</span> <span class='ocrx_word' id='word_1_281' title='bbox 379 3852 578 3928; x_wconf 83' lang='lat' dir='ltr'>Antiphanis</span> <span class='ocrx_word' id='word_1_282' title='bbox 598 3852 636 3912; x_wconf 85' lang='lat' dir='ltr'>fr.</span> <span class='ocrx_word' id='word_1_283' title='bbox 652 3854 714 3912; x_wconf 89' lang='grc'>202</span> <span class='ocrx_word' id='word_1_284' title='bbox 740 3853 794 3913; x_wconf 84' lang='lat' dir='ltr'>cst.</span> <span class='ocrx_word' id='word_1_285' title='bbox 817 3853 960 3914; x_wconf 84' lang='lat' dir='ltr'>Crusius.</span> <span class='ocrx_word' id='word_1_286' title='bbox 977 3886 1015 3897; x_wconf 90' lang='lat'><em>-</em></span> <span class='ocrx_word' id='word_1_287' title='bbox 1033 3854 1088 3914; x_wconf 93' lang='lat' dir='ltr'>Vs.</span> <span class='ocrx_word' id='word_1_288' title='bbox 1103 3854 1133 3914; x_wconf 89' lang='lat'>8.</span> <span class='ocrx_word' id='word_1_289' title='bbox 1159 3853 1222 3913; x_wconf 85' lang='lat' dir='ltr'>Vix</span> <span class='ocrx_word' id='word_1_290' title='bbox 1247 3852 1399 3914; x_wconf 88' lang='lat' dir='ltr'>credibile</span> <span class='ocrx_word' id='word_1_291' title='bbox 1422 3850 1470 3911; x_wconf 90' lang='lat' dir='ltr'>Bl.</span> <span class='ocrx_word' id='word_1_292' title='bbox 1495 3864 1554 3924; x_wconf 91' lang='lat' dir='ltr'>pro</span> 
     </span>
     <span class='ocr_line' id='line_1_36' title="bbox 274 3951 1554 4029; baseline -0.004 -15"><span class='ocrx_word' id='word_1_293' title='bbox 274 3954 453 4014; x_wconf 86' lang='lat' dir='ltr'>sanissimo</span> <span class='ocrx_word' id='word_1_294' title='bbox 502 3952 629 4029; x_wconf 84' lang='grc' dir='ltr'><strong><em>ὑόμενος</em></strong></span> <span class='ocrx_word' id='word_1_295' title='bbox 669 3954 916 4029; x_wconf 89' lang='lat' dir='ltr'>ineptissimum</span> <span class='ocrx_word' id='word_1_296' title='bbox 956 3952 1140 4029; x_wconf 80' lang='grc' dir='ltr'><strong><em>λουσάμενος</em></strong></span> <span class='ocrx_word' id='word_1_297' title='bbox 1187 3967 1366 4029; x_wconf 90' lang='lat' dir='ltr'>proponere</span> <span class='ocrx_word' id='word_1_298' title='bbox 1407 3951 1554 4026; x_wconf 88' lang='lat' dir='ltr'>potuisse</span> 
     </span>
     <span class='ocr_line' id='line_1_37' title="bbox 275 4057 527 4130; baseline 0 -14"><span class='ocrx_word' id='word_1_299' title='bbox 275 4057 370 4116; x_wconf 83' lang='lat' dir='ltr'>Add.</span> <span class='ocrx_word' id='word_1_300' title='bbox 396 4072 425 4130; x_wconf 94' lang='lat' dir='ltr'>p.</span> <span class='ocrx_word' id='word_1_301' title='bbox 452 4057 527 4116; x_wconf 88' lang='lat'>336.</span> 
     </span>
    </p>

    <p class='ocr_par' dir='ltr' id='par_1_16' title="bbox 230 4152 1554 4332">
     <span class='ocr_line' id='line_1_38' title="bbox 230 4152 1554 4233; baseline -0.002 -16"><span class='ocrx_word' id='word_1_302' title='bbox 230 4158 281 4217; x_wconf 81' lang='lat' dir='ltr'>Fr.</span> <span class='ocrx_word' id='word_1_303' title='bbox 306 4160 359 4233; x_wconf 88' lang='grc'>65,</span> <span class='ocrx_word' id='word_1_304' title='bbox 388 4159 402 4215; x_wconf 93' lang='grc'>1</span> <span class='ocrx_word' id='word_1_305' title='bbox 437 4153 469 4215; x_wconf 81' lang='grc' dir='ltr'>δέ</span> <span class='ocrx_word' id='word_1_306' title='bbox 492 4174 538 4216; x_wconf 90' lang='grc' dir='ltr'><strong><em>σοι</em></strong></span> <span class='ocrx_word' id='word_1_307' title='bbox 570 4156 769 4217; x_wconf 86' lang='lat' dir='ltr'>coniecturis</span> <span class='ocrx_word' id='word_1_308' title='bbox 793 4156 867 4215; x_wconf 88' lang='lat' dir='ltr'>addi</span> <span class='ocrx_word' id='word_1_309' title='bbox 896 4155 945 4217; x_wconf 90' lang='lat' dir='ltr'>Bl.</span> <span class='ocrx_word' id='word_1_310' title='bbox 970 4172 1027 4231; x_wconf 94' lang='lat' dir='ltr'>pro</span> <span class='ocrx_word' id='word_1_311' title='bbox 1051 4152 1081 4215; x_wconf 80' lang='grc' dir='ltr'>τέ</span> <span class='ocrx_word' id='word_1_312' title='bbox 1103 4177 1154 4232; x_wconf 86' lang='grc' dir='ltr'><strong><em>μοι</em></strong></span> <span class='ocrx_word' id='word_1_313' title='bbox 1177 4155 1244 4225; x_wconf 91' lang='lat' dir='ltr'>(sed</span> <span class='ocrx_word' id='word_1_314' title='bbox 1269 4170 1325 4216; x_wconf 88' lang='lat' dir='ltr'>cur</span> <span class='ocrx_word' id='word_1_315' title='bbox 1353 4175 1382 4214; x_wconf 84' lang='grc' dir='ltr'>τε</span> <span class='ocrx_word' id='word_1_316' title='bbox 1405 4155 1554 4214; x_wconf 90' lang='lat' dir='ltr'>mutetur</span> 
     </span>
     <span class='ocr_line' id='line_1_39' title="bbox 273 4248 1404 4332; baseline -0.004 -14"><span class='ocrx_word' id='word_1_317' title='bbox 273 4274 314 4319; x_wconf 92' lang='lat' dir='ltr'>ne</span> <span class='ocrx_word' id='word_1_318' title='bbox 337 4258 509 4318; x_wconf 86' lang='lat' dir='ltr'>levissima</span> <span class='ocrx_word' id='word_1_319' title='bbox 532 4258 665 4331; x_wconf 86' lang='lat' dir='ltr'>quidem</span> <span class='ocrx_word' id='word_1_320' title='bbox 689 4272 789 4317; x_wconf 91' lang='lat' dir='ltr'>causa</span> <span class='ocrx_word' id='word_1_321' title='bbox 813 4258 889 4331; x_wconf 81' lang='lat' dir='ltr'>est),</span> <span class='ocrx_word' id='word_1_322' title='bbox 915 4272 963 4317; x_wconf 84' lang='lat' dir='ltr'>vs.</span> <span class='ocrx_word' id='word_1_323' title='bbox 985 4258 1003 4315; x_wconf 88' lang='grc'>2</span> <span class='ocrx_word' id='word_1_324' title='bbox 1028 4257 1141 4332; x_wconf 87' lang='lat' dir='ltr'>legens</span> <span class='ocrx_word' id='word_1_325' title='bbox 1163 4252 1343 4332; x_wconf 77' lang='grc' dir='ltr'><strong><em>προάπεμψέ</em></strong></span> <span class='ocrx_word' id='word_1_326' title='bbox 1366 4248 1404 4331; x_wconf 89' lang='grc' dir='ltr'>μ’.</span> 
     </span>
    </p>

    <p class='ocr_par' dir='ltr' id='par_1_17' title="bbox 230 4353 1558 4945">
     <span class='ocr_line' id='line_1_40' title="bbox 230 4353 1554 4435; baseline -0.002 -17"><span class='ocrx_word' id='word_1_327' title='bbox 230 4360 281 4419; x_wconf 83' lang='lat' dir='ltr'>Fr.</span> <span class='ocrx_word' id='word_1_328' title='bbox 307 4361 359 4420; x_wconf 91' lang='lat'>68.</span> <span class='ocrx_word' id='word_1_329' title='bbox 395 4359 532 4419; x_wconf 91' lang='lat' dir='ltr'>Poetam</span> <span class='ocrx_word' id='word_1_330' title='bbox 566 4358 692 4419; x_wconf 88' lang='lat' dir='ltr'>imitari</span> <span class='ocrx_word' id='word_1_331' title='bbox 728 4357 922 4433; x_wconf 88' lang='lat' dir='ltr'>Sophoclem</span> <span class='ocrx_word' id='word_1_332' title='bbox 959 4359 997 4419; x_wconf 84' lang='lat' dir='ltr'>fr.</span> <span class='ocrx_word' id='word_1_333' title='bbox 1024 4360 1087 4419; x_wconf 92' lang='grc'>512</span> <span class='ocrx_word' id='word_1_334' title='bbox 1123 4355 1307 4435; x_wconf 74' lang='grc' dir='ltr'><strong><em>φιλάργυρον</em></strong></span> <span class='ocrx_word' id='word_1_335' title='bbox 1342 4354 1398 4435; x_wconf 74' lang='grc' dir='ltr'>γάρ</span> <span class='ocrx_word' id='word_1_336' title='bbox 1429 4363 1491 4414; x_wconf 78' lang='grc' dir='ltr'><strong><em>πᾶν</em></strong></span> <span class='ocrx_word' id='word_1_337' title='bbox 1522 4353 1554 4415; x_wconf 82' lang='grc' dir='ltr'>τὸ</span> 
     </span>
     <span class='ocr_line' id='line_1_41' title="bbox 274 4457 1555 4538; baseline -0.001 -19"><span class='ocrx_word' id='word_1_338' title='bbox 274 4461 428 4538; x_wconf 79' lang='grc' dir='ltr'><strong><em>βάρβαρον</em></strong></span> <span class='ocrx_word' id='word_1_339' title='bbox 459 4457 544 4538; x_wconf 75' lang='grc' dir='ltr'><strong><em>γένος</em></strong></span> <span class='ocrx_word' id='word_1_340' title='bbox 576 4463 691 4520; x_wconf 88' lang='lat' dir='ltr'>monet</span> <span class='ocrx_word' id='word_1_341' title='bbox 721 4459 784 4534; x_wconf 85' lang='grc' dir='ltr'>Βλ,</span> <span class='ocrx_word' id='word_1_342' title='bbox 817 4461 943 4519; x_wconf 86' lang='lat' dir='ltr'>temere</span> <span class='ocrx_word' id='word_1_343' title='bbox 966 4481 1028 4530; x_wconf 68' lang='grc' dir='ltr'>,τως</span> <span class='ocrx_word' id='word_1_344' title='bbox 1052 4459 1217 4520; x_wconf 89' lang='lat' dir='ltr'>coniciens</span> <span class='ocrx_word' id='word_1_345' title='bbox 1239 4473 1297 4531; x_wconf 91' lang='lat' dir='ltr'>pro</span> <span class='ocrx_word' id='word_1_346' title='bbox 1320 4466 1381 4517; x_wconf 74' lang='grc' dir='ltr'><strong><em>πᾶν</em></strong></span> <span class='ocrx_word' id='word_1_347' title='bbox 1404 4462 1437 4518; x_wconf 89' lang='lat' dir='ltr'>et</span> <span class='ocrx_word' id='word_1_348' title='bbox 1461 4458 1555 4532; x_wconf 84' lang='lat' dir='ltr'>peius</span> 
     </span>
     <span class='ocr_line' id='line_1_42' title="bbox 275 4557 1553 4638; baseline -0.003 -16"><span class='ocrx_word' id='word_1_349' title='bbox 275 4562 376 4622; x_wconf 86' lang='lat' dir='ltr'>eiiam</span> <span class='ocrx_word' id='word_1_350' title='bbox 402 4561 434 4621; x_wconf 91' lang='lat' dir='ltr'>in</span> <span class='ocrx_word' id='word_1_351' title='bbox 458 4562 553 4622; x_wconf 82' lang='lat' dir='ltr'>Add.</span> <span class='ocrx_word' id='word_1_352' title='bbox 577 4577 607 4636; x_wconf 92' lang='lat' dir='ltr'>p.</span> <span class='ocrx_word' id='word_1_353' title='bbox 623 4562 687 4621; x_wconf 86' lang='lat'>336</span> <span class='ocrx_word' id='word_1_354' title='bbox 711 4560 816 4637; x_wconf 87' lang='grc' dir='ltr'><strong><em>Σάρον</em></strong></span> <span class='ocrx_word' id='word_1_355' title='bbox 840 4557 899 4618; x_wconf 74' lang='grc' dir='ltr'><strong><em>ἔστι</em></strong></span> <span class='ocrx_word' id='word_1_356' title='bbox 922 4576 981 4634; x_wconf 92' lang='lat' dir='ltr'>pro</span> <span class='ocrx_word' id='word_1_357' title='bbox 1003 4560 1162 4638; x_wconf 76' lang='grc' dir='ltr'><strong><em>Σάρδεων,</em></strong></span> <span class='ocrx_word' id='word_1_358' title='bbox 1184 4573 1245 4618; x_wconf 89' lang='lat' dir='ltr'>nec</span> <span class='ocrx_word' id='word_1_359' title='bbox 1264 4559 1385 4620; x_wconf 88' lang='lat' dir='ltr'>melius</span> <span class='ocrx_word' id='word_1_360' title='bbox 1404 4559 1444 4620; x_wconf 82' lang='lat' dir='ltr'>fr.</span> <span class='ocrx_word' id='word_1_361' title='bbox 1463 4559 1515 4635; x_wconf 81' lang='lat'>70,</span> <span class='ocrx_word' id='word_1_362' title='bbox 1534 4560 1553 4618; x_wconf 86' lang='lat'><strong>2</strong></span> 
     </span>
     <span class='ocr_line' id='line_1_43' title="bbox 272 4658 1556 4737; baseline -0.003 -14"><span class='ocrx_word' id='word_1_363' title='bbox 272 4663 453 4723; x_wconf 87' lang='lat' dir='ltr'>sollicitans</span> <span class='ocrx_word' id='word_1_364' title='bbox 484 4666 518 4724; x_wconf 89' lang='lat' dir='ltr'>et</span> <span class='ocrx_word' id='word_1_365' title='bbox 547 4664 672 4723; x_wconf 82' lang='lat' dir='ltr'>frustra</span> <span class='ocrx_word' id='word_1_366' title='bbox 699 4661 889 4737; x_wconf 87' lang='lat' dir='ltr'>improbans</span> <span class='ocrx_word' id='word_1_367' title='bbox 913 4677 962 4720; x_wconf 88' lang='lat' dir='ltr'>vs.</span> <span class='ocrx_word' id='word_1_368' title='bbox 988 4663 1007 4721; x_wconf 97' lang='grc'>5</span> <span class='ocrx_word' id='word_1_369' title='bbox 1031 4658 1182 4721; x_wconf 85' lang='lat' dir='ltr'>Meinekii</span> <span class='ocrx_word' id='word_1_370' title='bbox 1206 4660 1429 4720; x_wconf 87' lang='lat' dir='ltr'>coniecturam</span> <span class='ocrx_word' id='word_1_371' title='bbox 1452 4663 1556 4732; x_wconf 86' lang='grc' dir='ltr'><strong><em>ιιοιλοῑς</em></strong></span> 
     </span>
     <span class='ocr_line' id='line_1_44' title="bbox 274 4760 1554 4839; baseline -0.002 -15"><span class='ocrx_word' id='word_1_372' title='bbox 274 4780 331 4838; x_wconf 92' lang='lat' dir='ltr'>pro</span> <span class='ocrx_word' id='word_1_373' title='bbox 362 4761 469 4837; x_wconf 74' lang='grc' dir='ltr'><strong><em>ἄλλοις.</em></strong></span> <span class='ocrx_word' id='word_1_374' title='bbox 500 4766 571 4826; x_wconf 92' lang='lat' dir='ltr'>Non</span> <span class='ocrx_word' id='word_1_375' title='bbox 601 4765 710 4839; x_wconf 87' lang='lat' dir='ltr'>magis</span> <span class='ocrx_word' id='word_1_376' title='bbox 741 4763 881 4823; x_wconf 87' lang='lat' dir='ltr'>eundem</span> <span class='ocrx_word' id='word_1_377' title='bbox 912 4777 1030 4835; x_wconf 89' lang='lat' dir='ltr'>sequar</span> <span class='ocrx_word' id='word_1_378' title='bbox 1053 4761 1239 4821; x_wconf 88' lang='lat' dir='ltr'>tentantem</span> <span class='ocrx_word' id='word_1_379' title='bbox 1268 4760 1306 4820; x_wconf 86' lang='lat' dir='ltr'>ir.</span> <span class='ocrx_word' id='word_1_380' title='bbox 1332 4761 1371 4820; x_wconf 80' lang='lat'>71</span> <span class='ocrx_word' id='word_1_381' title='bbox 1397 4762 1431 4821; x_wconf 87' lang='lat' dir='ltr'>et</span> <span class='ocrx_word' id='word_1_382' title='bbox 1455 4762 1509 4836; x_wconf 79' lang='grc'>76,</span> <span class='ocrx_word' id='word_1_383' title='bbox 1535 4763 1554 4822; x_wconf 89' lang='grc'>2</span> 
     </span>
     <span class='ocr_line' id='line_1_45' title="bbox 273 4854 1558 4945; baseline 0 -21"><span class='ocrx_word' id='word_1_384' title='bbox 273 4865 383 4944; x_wconf 78' lang='grc' dir='ltr'><strong><em>γίνεται</em></strong></span> <span class='ocrx_word' id='word_1_385' title='bbox 406 4866 438 4936; x_wconf 83' lang='lat' dir='ltr'>(l.</span> <span class='ocrx_word' id='word_1_386' title='bbox 462 4867 603 4945; x_wconf 75' lang='grc' dir='ltr'><strong><em>γίγνεται)</em></strong></span> <span class='ocrx_word' id='word_1_387' title='bbox 631 4869 757 4926; x_wconf 88' lang='lat' dir='ltr'>temere</span> <span class='ocrx_word' id='word_1_388' title='bbox 781 4865 967 4924; x_wconf 89' lang='lat' dir='ltr'>mutantem</span> <span class='ocrx_word' id='word_1_389' title='bbox 992 4863 1024 4921; x_wconf 91' lang='lat' dir='ltr'>in</span> <span class='ocrx_word' id='word_1_390' title='bbox 1049 4860 1168 4931; x_wconf 81' lang='grc' dir='ltr'>σώζεται</span> <span class='ocrx_word' id='word_1_391' title='bbox 1192 4867 1225 4920; x_wconf 86' lang='lat' dir='ltr'>et</span> <span class='ocrx_word' id='word_1_392' title='bbox 1249 4875 1297 4921; x_wconf 85' lang='lat' dir='ltr'>vs.</span> <span class='ocrx_word' id='word_1_393' title='bbox 1322 4863 1341 4921; x_wconf 88' lang='grc'>5</span> <span class='ocrx_word' id='word_1_394' title='bbox 1366 4854 1388 4919; x_wconf 83' lang='grc' dir='ltr'>τ’</span> <span class='ocrx_word' id='word_1_395' title='bbox 1414 4862 1448 4922; x_wconf 91' lang='lat' dir='ltr'>in</span> <span class='ocrx_word' id='word_1_396' title='bbox 1471 4857 1496 4922; x_wconf 79' lang='grc' dir='ltr'>δ’</span> <span class='ocrx_word' id='word_1_397' title='bbox 1523 4865 1558 4924; x_wconf 86' lang='lat' dir='ltr'>et</span> 
     </span>
    </p>
   </div>
   <div class='ocr_carea' id='block_1_5' title="bbox 0 0 1760 5512">
    <p class='ocr_par' dir='ltr' id='par_1_18' title="bbox 0 0 1760 5512">
     <span class='ocr_line' id='line_1_46' title="bbox 0 0 1760 5512; baseline 0 0"><span class='ocrx_word' id='word_1_398' title='bbox 0 0 1760 5512; x_wconf 95' lang='lat' dir='ltr'> </span> 
     </span>
    </p>
   </div>
  </div>
 </body>
</html>
