3502 5512
870 388 890 446 9

258 570 361 631 lateat
387 586 523 634 necesse
548 575 612 651 est,
642 575 700 634 sed
730 574 1006 649 acquiescendum
1033 574 1174 635 arbitror
1204 577 1237 636 in
1261 576 1391 636 illorum
1417 588 1538 635 correo·

259 671 359 732 tione.
385 706 425 716 —
451 674 488 733 in
512 675 564 736 Fr.
589 676 653 736 272
677 672 844 757 oppetebat
868 682 957 736 recte
980 675 1122 750 Biaydes
1145 677 1301 752 postulat.

216 772 483 834 incertarum
525 776 768 837 fabularum
809 777 1007 850 fragmentis
1043 793 1060 837 e
1094 778 1344 838 Philetaero
1378 774 1452 833 Vat.
1488 772 1537 833 ed.

260 872 350 934 oohn
375 875 456 936 hius.
480 877 585 938 Rhen.
610 892 640 938 a.
666 879 766 952 1888,
799 895 829 952 p.
854 878 918 937 411
951 879 1093 939 accessit
1116 879 1195 940 hoo:
1220 876 1341 958 λαγὼς
1364 873 1415 935 διὰ
1438 881 1491 933 τοῦ
1515 896 1538 933 ω

258 973 389 1052 μεγάλου
413 971 430 1035 ὸ
454 983 588 1055 χερσαῖος
617 977 700 1057 παρὰ
723 984 783 1051 τοῖς
806 982 952 1050 Ἀττικοῖς·
982 979 1097 1059 λαγὸς
1122 976 1154 1040 δὲ
1178 977 1194 1040 ὸ
1223 977 1341 1052 ἀστικὸς
1370 978 1401 1050 (l.
1424 974 1538 1036 θαλάσ-

260 1079 348 1151 σιος),
371 1074 446 1150 part
470 1075 502 1137 δὲ
529 1087 634 1139 τοῦτον
654 1077 704 1139 καὸ
721 1079 769 1140 ἴον
788 1077 864 1157 ἔχειν
883 1077 933 1139 καὸ
944 1079 1015 1153 τοὺς
1026 1081 1181 1160 πονηροὺς
1194 1077 1211 1141 ὸ
1226 1084 1374 1158 Κρατῖνος
1393 1076 1538 1156 λαγοὺς

258 1181 349 1237 καλεῖ,
373 1178 419 1240 of.
445 1181 563 1241 Athen.
589 1181 636 1242 IX
660 1181 770 1243 4011).
797 1216 837 1226 —
862 1181 1013 1243 Indidem
1037 1182 1136 1245 haec:

414 1281 605 1360 πατρικὸς
629 1283 717 1358 φίλος
739 1280 806 1361 oripi
829 1292 1019 1364 πατρῷος·
1044 1280 1094 1342 καὶ
1118 1281 1134 1344 ὸ
1158 1286 1307 1363 Κρατῖνος

815 1383 958 1462 πατρικὸς
983 1381 1025 1444 ὸὸν
1049 1385 1137 1461 φίλος

503 1483 572 1544 τάδε
595 1485 797 1562 πυνθάνομαί
817 1503 882 1546 σου.

214 1583 264 1643 Fr.
291 1583 365 1659 278,
386 1586 416 1645 8.
441 1585 528 1646 Bene
548 1587 721 1663 vulgatum
742 1591 856 1650 tuetur
879 1589 943 1665 Bl.‚
968 1589 1024 1663 qui
1048 1590 1099 1658 (ad
1123 1588 1162 1649 ir.
1182 1587 1258 1657 275)
1278 1587 1311 1647 in
1331 1586 1539 1663 Hippocratis

256 1685 327 1745 ioco
350 1691 439 1749 recte
464 1691 522 1748 aut
545 1689 717 1766 portitore
741 1693 800 1751 aut
823 1698 951 1750 πατοῦσι
974 1691 1121 1764 requirit.

214 1784 265 1845 Fr.
291 1787 366 1848 278.
399 1787 481 1848 adio
511 1789 581 1861 τοὺς
605 1806 665 1866 ego
691 1791 771 1852 oiim
800 1793 833 1852 in
858 1790 957 1851 adio
978 1786 1051 1871 ’yda
1074 1796 1191 1867 postea
1213 1790 1261 1851 Bi.
1286 1790 1398 1850 minus
1421 1789 1538 1849 leniter

257 1887 291 1947 in
321 1886 479 1966 αὐλήσα
509 1890 715 1953 reduximus.
745 1893 897 1954 Alterum
928 1897 1041 1953 utrum
1072 1907 1188 1953 verum
1213 1895 1274 1953 est.
1302 1892 1462 1967 Apposite
1485 1891 1538 1950 hic

257 1989 312 2049 oft.
336 1988 433 2065 Vesp.
458 1992 536 2069 582,
562 1994 617 2054 ubi
641 1994 752 2054 forsan
776 1997 864 2055 recte
889 1994 964 2053 hinc
985 1988 1068 2065 ἐξόδί
1095 2009 1153 2069 pro
1177 1992 1282 2066 ἔξοδον
1306 1993 1455 2054 coniecit.

213 2091 264 2151 Fr.
290 2091 364 2151 277.
401 2092 448 2151 Bi.
485 2093 540 2155 cit.
572 2094 654 2155 Nub.
691 2096 766 2156 938.
801 2096 877 2169 Lys.
910 2096 985 2155 439.
1017 2096 1137 2156 Aesoh.
1173 2094 1316 2170 Choeph.
1353 2096 1433 2169 895,
1468 2094 1538 2153 iure

257 2193 436 2254 defendens
459 2194 551 2276 κάθῃ.

213 2293 265 2354 Fr.
291 2295 366 2355 278.
398 2294 448 2354 iix
479 2296 626 2357 Zonarae
653 2297 886 2358 observatione
908 2299 1169 2358 consentaneum
1193 2300 1244 2357 est
1268 2296 1437 2359 Cratinum
1463 2297 1539 2357 sori·

257 2397 365 2470 psisse
395 2397 588 2469 καθιζάνειν,
619 2401 657 2459 ut
687 2400 754 2459 iam
786 2400 834 2459 Bi.
868 2399 990 2460 vidisse
1020 2399 1260 2460 animadverto.
1287 2433 1326 2444 -
1355 2401 1412 2476 „In
1443 2401 1538 2459 Aeo·

255 2496 445 2558 losicone
477 2501 734 2575 Aristophanem
769 2502 910 2562 eundem
943 2502 1107 2562 incertum
1138 2500 1247 2561 iocum
1272 2500 1427 2561 habuisse
1450 2499 1539 2560 lucu·

255 2598 361 2659 lenter
384 2601 520 2675 exponit
544 2601 722 2677 Zielinsky,
754 2602 1057 2663 Marchencomedie
1088 2618 1118 2676 p.
1144 2603 1196 2662 38.
1230 2602 1301 2662 Huc
1331 2602 1474 2663 fortasse
1497 2601 1536 2661 fr.

257 2699 320 2761 287
346 2701 554 2762 referendum
579 2705 662 2765 est”.
688 2704 723 2765 Ο.
749 2703 895 2765 Grusius.

212 2801 264 2861 Fr.
297 2802 371 2863 279.
415 2803 530 2865 Melius
572 2821 672 2879 quam
714 2806 805 2867 Kock
846 2806 959 2867 Nauck
994 2800 1013 2864 τ’
1047 2802 1231 2882 ἐμαυτῆς,
1271 2804 1413 2878 Biaydes
1444 2823 1480 2862 τε
1510 2795 1534 2881 μ’

264 2901 389 2979 αὐτὴν
425 2905 476 2965 vel
506 2927 542 2965 τε
574 2907 723 2983 ταύτην
748 2908 970 2968 coniecerunt.

211 3004 262 3064 Fr.
288 3006 366 3080 280,
391 3007 419 3066 si
443 3023 577 3081 sanum,
602 3009 726 3069 dictum
751 3012 785 3068 in
809 3025 866 3069 eos
886 3010 941 3083 qui
960 3010 1059 3069 rebus
1078 3023 1233 3084 perverse
1253 3010 1401 3069 utuntur.
1422 3006 1538 3068 Kookii

255 3107 443 3167 coniectura
470 3109 552 3168 mihi
576 3110 688 3170 minus
712 3110 819 3184 piacet
841 3125 941 3183 quam
965 3110 1156 3184 Biaydesi03
1181 3111 1236 3184 qui
1257 3113 1382 3170 temere
1401 3109 1536 3185 insuper

256 3208 365 3268 tentat
388 3203 551 3281 ἀνάπλεως.

210 3307 261 3368 Fr.
287 3310 361 3369 282.
387 3310 479 3370 Koch
502 3310 655 3388 διεπήνισε
677 3310 730 3371 τὸν
752 3311 850 3391 λόγον.
870 3313 999 3374 Vitiosa
1022 3314 1194 3389 anapaesti
1218 3327 1356 3372 caesura
1379 3327 1445 3372 seo.
1470 3310 1535 3384 Bl.,

256 3410 311 3485 qui
335 3411 405 3486 ipse
429 3414 538 3473 tentat
561 3421 668 3473 τοῦτον
692 3413 866 3491 ὸιεπήνιοας
890 3414 928 3474 σὺ
951 3413 1003 3474 τὸν
1026 3413 1117 3494 λόγον
1140 3418 1251 3485 καλῶς,
1274 3413 1392 3474 deletis
1418 3426 1535 3488 parum

255 3513 467 3586 probabiliter
497 3515 608 3575 verbis
639 3511 693 3591 μὲν
723 3506 795 3592 οὖν,
824 3517 942 3590 quibus
972 3517 1116 3576 servatis
1139 3516 1329 3590 scripserim
1354 3523 1460 3574 τοῦτον
1484 3508 1539 3588 μὲν

255 3602 312 3671 οὖν
333 3611 337 3690 Ι
359 3618 454 3685 καλῶς
479 3614 652 3692 ὸιεπήνιοας
677 3616 715 3676 σὺ
733 3615 786 3676 τὸν
806 3618 896 3695 λόγον
916 3639 976 3692 οε,
996 3623 1038 3687 (v.
1060 3633 1087 3678 o.
1107 3616 1187 3692 μάλα
1199 3632 1226 3677 s.
1248 3615 1329 3675 πάνυ
1349 3631 1376 3676 s.
1394 3613 1536 3692 σφόδρα).

210 3714 261 3774 Fr.
288 3715 352 3774 284
384 3717 599 3778 distribuendi
631 3732 705 3778 cum
736 3718 861 3780 Kockio
889 3720 975 3779 inter
1003 3720 1084 3779 duae
1109 3731 1268 3794 personas
1291 3715 1418 3776 nuliam
1443 3716 1537 3775 video

256 3817 503 3878 necessitatem.

212 3915 263 3976 Fr.
289 3918 353 3976 288
378 3934 425 3993 sq.
452 3919 497 3980 Ci.
523 3921 688 3995 Biaydesii
714 3922 917 3983 collectanea
940 3939 971 3998 p.
1000 3925 1049 3983 11.

211 4017 262 4078 Fr.
289 4020 353 4079 290
376 4016 503 4096 ἀρίστων
527 4022 651 4082 ironice
673 4024 800 4084 dictum
824 4038 897 4084 esse
921 4024 991 4084 iure
1015 4019 1185 4084 contendit
1209 4022 1244 4083 Ο.
1266 4021 1411 4082 Orosius.
1439 4020 1536 4080 Falso

255 4119 355 4194 igitur
378 4122 480 4182 etiam
504 4123 552 4183 Bi.
578 4125 719 4184 coniecit
743 4123 864 4199 ἀνδρῶν
887 4133 1048 4203 γυναικῶν.

210 4221 263 4281 Fr.
290 4222 365 4283 294.
389 4219 488 4300 ἅρχων
512 4222 570 4298 εἰμὶ
592 4233 663 4284 νῦν
688 4225 861 4302 Ἀθηναίοις
886 4223 951 4303 ἐγώ.

301 4322 381 4384 Vide
412 4339 454 4384 ne
485 4325 634 4385 additum
666 4335 724 4384 νῦν
755 4327 871 4388 Kockii
896 4327 1161 4402 interpretationi
1185 4325 1306 4387 obstet.
1330 4324 1443 4386 Potuit
1465 4323 1538 4407 οἴνῳ

254 4422 396 4503 ἐπαρθείς
420 4427 468 4486 ita
491 4426 578 4499 loqui
602 4429 777 4503 quispiam.
803 4428 849 4489 Gi.
875 4430 1029 4503 Bacchyl.
1053 4429 1092 4489 ir.
1115 4429 1192 4503 27,8
1213 4437 1286 4486 πᾶσι
1310 4422 1337 4486 o'
1360 4423 1538 4502 ἀνθρώποις

254 4527 452 4604 μοναρχήσειν
476 4527 563 4586 δοκεῖ
581 4531 615 4588 et
638 4531 693 4590 Ar.
714 4530 770 4603 Eo.
792 4531 833 4589 29
854 4545 924 4604 sqq.
950 4530 1040 4606 Quod
1064 4532 1094 4590 si
1115 4529 1162 4588 ita
1186 4530 1255 4602 est,
1281 4528 1372 4588 iocus
1396 4527 1538 4587 sortasse

254 4626 295 4685 ad
318 4626 505 4700 Pytinen
530 4631 582 4688 est
604 4628 805 4690 referendus,

209 4727 261 4787 Fr.
286 4728 361 4788 298.
387 4729 499 4789 Nauck
524 4730 625 4791 verba
648 4730 697 4790 sio
721 4731 875 4804 digessit:

876 4829 910 4904 ὸς
933 4831 988 4909 τὴν
1011 4833 1101 4892 nitho
1125 4831 1274 4910 ἔκαμπτεν

543 4928 632 5002 ἑστὼς
655 4936 793 5009 χαμᾶθεν
816 4938 885 5008 (pro
909 4932 1057 5010 χαμάθεν)
1081 4930 1178 5009 ἄκρας
