3502 5512
812 374 874 435 143

182 559 234 620 Fr.
258 560 312 634 41,
337 560 368 620 8.
403 555 515 639 λιπαρὰ
544 574 603 635 pro
632 557 723 637 λευκὴ
755 560 857 638 idem,
887 564 1084 637 suspectans
1114 564 1216 624 etiarn
1238 562 1370 634 λοπάδος
1392 578 1442 624 vs.
1469 566 1503 638 4,

227 660 311 734 quod
335 674 415 722 sane
439 675 505 722 non
525 660 674 736 expedio.

182 760 234 821 Fr.
259 762 312 837 47,
338 761 368 822 2.
392 755 431 838 ἣν
454 755 545 821 εἴδεθ’
570 759 655 838 ὑμεῖς
679 765 737 824 aut
759 760 863 841 ἔχομεν
884 757 969 841 ἡμεῖς
997 765 1102 839 ldem;
1127 764 1205 825 illud
1229 764 1360 826 melius

182 862 234 924 Fr.
260 863 313 940 53,
338 863 369 940 3,
401 863 463 924 Pro
492 864 612 935 πάντας
641 863 690 925 Β1.
722 864 862 925 coniecit
891 862 1026 942 θνητοὺς
1057 867 1117 926 aut
1146 863 1287 944 βροτοὺς,
1314 868 1371 927 aut
1397 866 1506 941 potius

227 963 348 1024 τούτων.
376 965 487 1041 Longe
517 964 639 1026 melius
661 963 784 1024 πάππον
806 965 966 1027 Meinelre.
992 998 1032 1010 -
1056 965 1112 1027 Vs.
1137 967 1168 1027 4.
1192 966 1276 1027 Male
1298 966 1347 1028 Β1.
1373 969 1507 1028 revocat

224 1069 317 1143 ποιεῖ,
346 1067 395 1127 ita
424 1067 513 1128 enim
543 1081 643 1127 sensu
674 1069 785 1128 careat
814 1075 900 1128 coeco
932 1083 981 1129 vs.
1007 1070 1037 1129 5.
1067 1065 1164 1129 Oerta
1186 1072 1274 1127 πονεῖ
1286 1066 1348 1146 {est
1370 1068 1505 1129 Wachs·

226 1167 349 1228 muthii
372 1168 541 1230 correctio.

182 1267 233 1329 Fr.
259 1268 311 1329 59.
343 1268 544 1345 litymologil
575 1285 620 1331 m.
645 1269 822 1345 explicatio
849 1265 1032 1348 ἠσβόληοεν,
1062 1267 1205 1348 {polense
1228 1271 1323 1332 docet
1344 1271 1505 1333 Philemo·

227 1385 304 1430 nem
327 1371 500 1447 scripsisse
524 1367 709 1449 ἠρδάλωοεο,
732 1372 816 1446 quod
841 1372 911 1433 iure
933 1372 1080 1448 postulat
1103 1373 1205 1433 ctiam
1229 1373 1276 1432 Bi.

183 1470 235 1531 ur.
260 1472 312 1547 60,
337 1473 367 1533 3.
400 1465 562 1551 Ἐοπίχοοος
595 1487 696 1533 suum
730 1488 787 1548 pro
823 1469 855 1532 ἐν
886 1483 977 1557 στενῷ
1009 1474 1133 1535 frustra
1163 1474 1308 1534 defendit
1338 1474 1429 1536 Kock
1459 1474 1506 1534 III

226 1588 257 1648 p.
281 1573 357 1635 748.
393 1574 560 1649 Hodieque
591 1575 752 1636 contendo
781 1577 915 1650 propter
944 1577 1117 1651 sequentia
1146 1575 1246 1637 nimis
1269 1575 1410 1637 debilem
1433 1591 1507 1637 esse

228 1673 314 1736 hanc
344 1690 459 1736 vocem
491 1678 525 1736 et
556 1674 676 1749 requiri
707 1675 993 1750 perfectionis
1024 1676 1208 1753 notionem,
1242 1677 1333 1739 velut
1361 1675 1390 1749 ἐς
1412 1674 1507 1753 τέλος,

227 1790 291 1850 quo
325 1776 482 1852 Polybius
516 1791 615 1852 saepe
649 1777 754 1837 utitur
783 1791 843 1852 pro
873 1774 984 1849 τελέως.
1016 1776 1064 1839 (ll.
1096 1777 1285 1840 Thesaurus
1308 1794 1336 1840 s.
1361 1796 1392 1841 v.
1416 1777 1506 1851 τέλος.

227 1876 415 1939 Kockianae
457 1878 664 1940 coniecturae
698 1880 847 1952 praestat
881 1878 1102 1953 Blaydesiana
1136 1875 1295 1960 ἐμπείρως,
1329 1881 1385 1942 sed
1421 1882 1506 1956 quod

229 1981 356 2041 certum
378 1981 424 2042 sit
446 1995 544 2041 nemo
567 1979 719 2055 repperit.

183 2079 235 2141 Fr.
261 2081 314 2156 61,
341 2082 369 2143 1.
394 2082 429 2142 L.
461 2073 635 2160 yl<y>vad¹
663 2082 698 2140 st
721 2081 774 2156 69,
802 2081 818 2141 1
844 2079 1050 2160 γί<γ>νιιαι

184 2180 236 2243 Fr.
261 2183 314 2258 65,
338 2186 369 2245 5.
394 2183 556 2244 Headlam
579 2182 676 2242 lusit:

502 2280 633 2363 (ἀγρός,
655 2277 852 2362 ἀργυρώματ’,
875 2282 994 2344 οίιιίαι>
1023 2284 1187 2363 συνοικίαι,

496 2384 592 2462 φίλοι,
615 2383 742 2464 βοηθοί,
765 2384 925 2465 μάρτυρες,
952 2384 1187 2466 <sandycem

228 2488 370 2563 Migrant
392 2487 474 2549 haec
496 2487 579 2548 artis
603 2487 735 2548 criticae
758 2485 854 2564 fines,
881 2502 959 2548 nam
983 2490 1140 2549 sexcenta
1163 2487 1243 2548 talia
1261 2487 1339 2564 fingi
1357 2490 1504 2564 possunt.

230 2589 345 2650 Melius
368 2605 439 2650 rem
463 2590 568 2666 gessit
591 2588 749 2650 Mciueke.

186 2690 237 2752 Fr.
263 2691 315 2767 68,
343 2693 371 2752 1.
397 2691 474 2752 Sine
497 2706 597 2752 eausa
619 2691 667 2752 Β1.
694 2684 729 2749 δι’
756 2688 827 2769 61ης
850 2698 902 2768 τῆς
924 2686 1043 2770 ἡμέρας.

187 2791 238 2852 Fr.
264 2793 316 2868 71,
342 2794 373 2853 3.
397 2792 499 2854 Recte
522 2792 653 2854 Brunck
675 2791 705 2851 τί
724 2788 861 2871 τάγαθόν
885 2789 964 2851 ἐστιν
988 2789 1103 2868 (leui),
1126 2807 1187 2853 nec
1206 2792 1409 2854 haerendum
1430 2808 1506 2855 cum

228 2893 277 2954 Β1.
309 2895 377 2968 (qui
407 2894 505 2955 malit
534 2893 564 2953 τί
584 2891 736 2974 repererim
767 2891 799 2954 οδ
823 2886 853 2953 δ’
878 2889 950 2953 οὐδὲ
971 2891 1038 2966 nrt.)
1074 2895 1107 2955 ln
1138 2895 1309 2970 anapaesti
1333 2895 1504 2970 incisione,

226 3009 309 3069 quae
329 2996 460 3070 propter
479 2994 668 3056 encliticum
684 2995 766 3056 dura
788 3009 854 3055 non
877 2997 937 3055 est.
952 3027 992 3039 -
1006 2994 1062 3055 Vs.
1084 2997 1113 3056 5.
1134 2996 1205 3056 Non
1224 2995 1312 3057 male
1329 2995 1504 3071 Richards,

228 3095 301 3158 coll.
326 3096 382 3157 Ar.
406 3096 490 3157 Ecel.
516 3098 596 3173 646,
621 3093 641 3175 ἢ
665 3094 759 3157 αὐτὸ
782 3094 927 3177 τάγαθόν.

183 3196 233 3258 l'r.
258 3198 311 3273 73,
336 3198 354 3258 7
379 3213 428 3273 sq.
452 3199 611 3274 Proposui
634 3198 729 3276 olim,
762 3200 887 3261 omisso
914 3206 1000 3259 τοῦτο
1024 3213 1100 3260 cum
1123 3197 1370 3272 Wyttenbachii
1393 3198 1505 3259 codice

226 3300 260 3359 et
281 3298 404 3374 scripto
426 3296 462 3358 ιὰ
484 3299 602 3379 δάκρυα
625 3315 700 3361 cum
724 3300 918 3362 Plutarcho:

895 3397 914 3480 ἡ
938 3400 1018 3479 λύπη
1043 3395 1070 3460 δ’
1097 3398 1153 3479 ἔχει

450 3499 548 3580 ὥσπερ
570 3500 606 3561 cd
629 3499 738 3583 δένδρα
761 3500 879 3581 καρπὸν
905 3499 1022 3566 <αίεδ>
1048 3499 1083 3561 cde
1108 3501 1233 3580 δάκρυα.

228 3603 322 3665 Nunc
350 3603 399 3665 Β1.
430 3598 449 3681 ἡ
480 3599 560 3680 lund
583 3596 612 3662 δ’
637 3600 683 3662 ἀεὶ
701 3611 708 3681 l
729 3602 826 3683 ὥσπερ
857 3601 892 3662 ιδι
923 3600 1034 3681 δένδρα
1058 3602 1174 3680 δάκρυα
1197 3599 1249 3662 τὸν
1271 3598 1388 3678 καρπὸν
1410 3592 1507 3681 φέρει,

228 3705 262 3765 in
285 3704 402 3779 quibus
425 3704 576 3780 displicet
598 3704 757 3766 articulus
780 3706 856 3766 ante
879 3701 1003 3782 καρπὸν.
1045 3704 1111 3764 Nec
1134 3699 1218 3783 φέρει
1236 3718 1295 3778 pro
1317 3700 1374 3781 ἔχει
1396 3718 1505 3764 neces·

227 3806 353 3867 sarium
377 3806 516 3867 videtur.

183 3906 235 3968 Fr.
259 3908 311 3984 75,
338 3908 367 3969 2.
389 3907 521 3983 Optime
539 3907 574 3968 F.
586 3906 638 3967 W.
652 3907 802 3968 Schmidt
819 3914 964 3984 πονῆσαι,
982 3905 1140 3983 probante
1160 3904 1314 3966 Nauckio.
1336 3937 1377 3949 —
1397 3904 1453 3966 Vs.
1474 3907 1504 3965 3.

228 4009 311 4071 Cum
334 4009 383 4070 Β1.
408 4010 602 4084 interpunge
633 4007 790 4085 τεκμήριον
817 4005 861 4068 δέ·
888 4006 957 4079 τοὺς
975 4005 1032 4068 ιιιὲ.
1057 4041 1097 4051 -
1119 4007 1173 4067 Vs.
1198 4009 1227 4068 5.
1252 4005 1395 4065 πταίσωσι
1418 4006 1505 4066 male

228 4110 384 4172 sollicitat
406 4109 493 4170 idem
518 4108 638 4184 triplici
663 4109 851 4169 coniectura
874 4110 907 4170 et
930 4123 979 4169 vs.
1004 4110 1022 4170 7
1047 4107 1127 4180 ἴσως.

182 4211 235 4272 Fr.
261 4211 312 4287 79,
337 4226 385 4271 vs.
414 4215 444 4272 4.
480 4203 545 4271 οίον
580 4212 638 4272 vix
672 4215 760 4273 recte
794 4212 843 4272 Bi.
877 4214 907 4273 5.
940 4212 1031 4273 Kock
1066 4227 1123 4288 pro
1155 4203 1219 4271 οίον
1250 4209 1356 4271 multo
1386 4209 1505 4271 melius

228 4308 319 4373 δππδν
350 4312 401 4384 (cl.
425 4328 475 4373 vs.
500 4314 530 4383 71
562 4314 701 4374 coniecit
724 4329 823 4388 quam
847 4313 1007 4375 Richards
1034 4310 1127 4389 ὄψον,
1156 4312 1240 4386 quod
1264 4310 1409 4372 abundat
1431 4313 1506 4386 post

227 4411 316 4492 1χθ1ος
346 4415 398 4484 (4).
430 4414 605 4474 Praeterea
635 4417 813 4489 reponatur
843 4414 951 4475 forma
977 4415 1080 4475 attica
1110 4406 1303 4491 ποραπέθηοί.
1328 4446 1368 4456 -
1393 4412 1449 4473 Vs.
1473 4414 1503 4473 8.

228 4513 349 4587 οὕτως
384 4511 500 4575 ἁπαλὸν
534 4512 657 4573 ἔδωκα
692 4512 742 4573 καὶ
770 4525 868 4598 πρᾷον
897 4511 930 4574 τὸ
960 4523 1030 4593 πῦρ.
1061 4515 1283 4575 Vehementer
1312 4515 1504 4588 suspectum

227 4618 309 4679 mihi
339 4615 444 4676 ἔδωκα.
477 4615 555 4678 Ooll.
587 4616 789 4677 Philemonis
813 4618 893 4678 min.
918 4617 956 4677 lr.
984 4620 1012 4693 1,
1037 4618 1146 4693 possis
1170 4613 1333 4693 ἕπόηοα,
1363 4617 1420 4677 sed
1443 4616 1504 4675 for·

226 4720 317 4780 tasse
340 4714 702 4796 praestatutam«.
731 4718 781 4779 Β1.
805 4716 932 4797 ἔθηκα
955 4719 1013 4779 vix
1036 4719 1148 4794 attice,
1173 4719 1230 4779 sed
1253 4718 1395 4778 sortasse
1417 4719 1505 4777 recte

227 4820 313 4882 idem
345 4816 448 4892 ὅπως
478 4834 536 4894 pro
566 4818 660 4891 οδπος
684 4822 718 4880 et
747 4816 813 4898 οὐχί
836 4821 878 4891 (9)
909 4834 966 4895 pro
990 4815 1069 4880 οὐδὲ.
1096 4851 1136 4864 -
1157 4818 1405 4894 corruptissimi
1427 4819 1506 4878 sunt

227 4934 295 4982 vss.
322 4920 362 4980 14
387 4934 472 4995 sod:
