3502 5512
854 362 913 420 157

257 541 306 603 Bl.
330 539 381 602 nol
403 541 438 601 ul
461 538 570 604 ιιόιιαν’
595 544 695 607 αὐτῶν
718 551 829 625 aperte
851 547 930 608 terri
954 548 1079 624 nequit,
1105 549 1139 608 et
1166 547 1262 622 longe
1286 547 1406 608 melius
1429 550 1539 621 (atque

260 644 373 706 nescio
397 660 439 705 an
464 651 550 719 vere)
575 649 721 710 Meineke
744 650 931 727 proposuit:

928 746 944 810 ὁ
967 749 1130 829 λιβανωτὸς
1153 747 1272 828 εὐσεβὲς

448 846 498 908 καὶ
521 847 553 910 τὸ
577 848 725 912 πόπανον.
749 846 828 912 ταῦτ’
855 850 960 931 ἔλαβεν
984 848 1000 912 ὁ
1023 851 1095 924 θεὸς
1119 848 1168 911 bel
1191 849 1223 912 τὸ
1246 859 1308 929 πῦρ

449 945 552 1010 ἅπαντ’
579 947 762 1012 ἕπιτεθὲνθ’·
787 954 818 1014 οἳ
840 949 872 1012 δὲ
896 951 951 1013 nrt.

259 1049 421 1112 Notabilis
443 1055 495 1113 est
519 1068 600 1115 usus
623 1055 778 1116 adiectivi
801 1053 926 1133 εὐσεβής
949 1070 1007 1130 pro
1032 1053 1113 1126 ὅσιος
1136 1055 1208 1115 sive
1231 1053 1317 1133 ἱερός.

217 1149 268 1210 Fr.
296 1152 368 1210 132.
392 1153 551 1228 Apposite
574 1153 622 1215 Bi.
647 1156 703 1216 cit.
726 1157 835 1232 Eurip.
860 1157 899 1217 fr.
925 1157 999 1232 434,
1026 1156 1045 1215 2
1071 1171 1119 1230 eq.
1144 1149 1282 1216 Nauck².

215 1251 266 1312 Fr.
295 1253 366 1314 133.
391 1253 508 1314 Melius
530 1255 678 1317 Meiuelre
701 1259 846 1318 tentavit
869 1272 969 1332 quam
992 1256 1041 1318 Bl.
1067 1273 1097 1332 p.
1123 1258 1197 1316 203.

216 1353 266 1414 Fr.
294 1356 367 1416 136.
403 1353 659 1432 corruptissime
693 1358 831 1420 Tzetzes
866 1358 947 1420 chii.
982 1359 1032 1435 12,
1067 1360 1130 1419 305
1170 1356 1213 1417 οὐ
1247 1365 1319 1436 πῦρ
1355 1357 1448 1418 otte
1482 1357 1538 1438 γὰρ

261 1451 399 1534 λέγομεν,
423 1452 495 1516 οὐδὲ
517 1455 634 1516 λοιπὰ
658 1451 687 1517 δ’
713 1457 913 1536 αἰτοῦμαι.
937 1460 1063 1520 Monuit
1085 1458 1208 1519 Nauck.

216 1556 268 1616 Fr.
297 1557 487 1634 resvice,
514 1558 543 1618 si
566 1560 653 1619 tanti
675 1562 740 1636 est,
766 1561 814 1622 Bl.
839 1577 869 1636 p.
895 1561 969 1620 203.

215 1656 266 1717 Fr.
294 1659 367 1718 139.
391 1667 510 1736 γραφῆς
535 1661 623 1720 recte
646 1660 695 1722 Bl.

214 1758 264 1819 Fr.
293 1760 365 1820 140.
391 1760 527 1837 Propter
558 1762 702 1823 Terentii
734 1763 847 1840 verba,
880 1766 917 1824 ut
945 1765 1103 1839 suspicor,
1128 1764 1176 1824 Bl.
1200 1764 1422 1839 praecessisse
1444 1767 1540 1840 putat

258 1858 287 1918 τί
308 1859 346 1920 σὺ
370 1858 468 1933 θέλεις
492 1865 550 1923 aut
573 1862 684 1924 simile
707 1866 795 1938 quid.

214 1961 265 2022 Fr.
293 1963 366 2023 142.
390 1963 475 2037 Lege
499 1963 668 2039 συνύφαινε
691 1967 791 2027 metri
815 1981 915 2028 cauea
939 1982 1013 2027 cum
1038 1966 1086 2027 Bl.

216 2063 266 2123 Fr.
295 2065 367 2124 145.
525 2064 603 2125 οἴκοι
626 2062 726 2143 μένειν
748 2067 803 2145 χρὴ
827 2065 890 2126 καὶ
914 2065 1052 2144 μένειν
1076 2065 1237 2144 ἐλεύθερον

524 2162 544 2244 ἢ
568 2161 664 2245 μηκέτ’
689 2161 766 2227 εἶναι
789 2167 840 2228 τὸν
863 2172 961 2240 καλῶς
983 2167 1158 2245 εὐδαίμονα.

258 2266 382 2328 Merum
406 2269 474 2342 est,
499 2267 577 2329 licet
601 2269 696 2329 aliter
719 2270 839 2331 iudicet
857 2270 920 2347 Bt,
945 2270 1133 2344 etquidem
1158 2270 1216 2329 vix
1234 2269 1401 2344 probabile
1421 2271 1537 2331 Kockii

257 2365 467 2444 figmentum,
493 2369 679 2430 Terentiam
710 2372 1080 2434 Heautontimorumeni
1114 2385 1290 2446 personam
1327 2369 1465 2431 Cliniam
1504 2372 1536 2432 iu

259 2470 426 2530 Menandri
446 2470 556 2531 fabula
579 2473 820 2534 Parmenonem
845 2476 1000 2535 vocatum
1023 2473 1139 2546 fuisse,
1165 2475 1202 2532 ut
1223 2472 1268 2531 ibi
1291 2486 1348 2546 pro
1367 2469 1417 2531 καὶ
1437 2470 1537 2550 μένειν

259 2571 406 2632 conicere
425 2576 536 2646 posset
556 2571 734 2650 Παρμένων.
758 2575 825 2636 Νοο
843 2577 930 2637 enim
952 2575 1046 2635 video
1066 2568 1178 2647 quidni
1197 2574 1293 2634 liceat
1312 2575 1536 2650 interpretari:

255 2672 371 2733 Domi
396 2674 427 2743 (i.
448 2689 474 2733 e.
501 2674 534 2734 in
558 2676 675 2750 patriai
701 2691 870 2738 manere
894 2679 1066 2753 oportet
1089 2678 1129 2736 et
1153 2674 1221 2744 (ita)
1245 2689 1414 2735 manere
1438 2681 1536 2747 (vere)

255 2773 437 2835 liberum
463 2808 502 2817 -
528 2775 736 2838 hominem
759 2777 886 2852 probe
910 2778 1097 2852 felicem,
1122 2779 1159 2836 ut
1181 2777 1288 2851 priore
1307 2775 1378 2837 loco
1398 2778 1535 2839 verbum

254 2890 423 2936 manere
453 2875 617 2950 significet
650 2894 806 2953 „manere
836 2880 981 2941 eodem
1005 2878 1132 2954 loco”‚
1163 2879 1345 2952 posteriore
1371 2879 1535 2954 „eadem

255 2977 538 3038 conditione.”
574 2978 662 3054 Quae
692 2982 858 3042 sententia
888 2982 1003 3042 eodem
1028 2980 1125 3054 redit,
1158 2993 1221 3053 quo
1245 2993 1284 3039 ea
1308 2994 1407 3053 quam
1431 2980 1536 3042 voluit

254 3079 429 3139 restituere
453 3079 558 3154 KocIr,
583 3080 648 3140 nisi
672 3083 756 3156 quod
781 3084 888 3159 magis
911 3085 1007 3158 urget
1030 3096 1181 3156 causam,
1212 3095 1269 3140 cur
1292 3095 1357 3140 non
1381 3081 1427 3141 sit
1449 3081 1535 3142 felici

252 3195 386 3256 peregre
410 3180 609 3242 abeundum.
634 3184 726 3244 idem
754 3188 851 3260 poeta
870 3185 977 3245 dicere
994 3184 1102 3259 potuit
1120 3182 1293 3243 scribendo
1324 3178 1534 3257 διαμένειν

252 3275 272 3339 ι’
307 3285 364 3342 aut
396 3277 630 3359 ltoplvoor’,
661 3285 759 3360 quod,
791 3287 820 3346 si
851 3287 926 3359 quid
950 3285 1148 3345 mutandum
1171 3284 1228 3358 sit,
1256 3283 1350 3357 longe
1374 3286 1533 3358 praetule-

254 3382 328 3444 rim.
352 3383 501 3444 Antehac
531 3385 701 3445 tentabam
729 3386 901 3463 ιαιαμανὴν
925 3382 1089 3462 ἐλευθέραν
1113 3387 1171 3445 aut
1193 3384 1438 3457 transponenda
1461 3401 1535 3445 esse

257 3484 414 3546 vocabula
435 3483 600 3563 εὐδαίμονα
623 3490 657 3547 et
680 3483 850 3565 ἐλεύθερον.

211 3587 262 3647 Fr.
290 3589 362 3648 146.
498 3581 568 3665 μετ’
594 3586 759 3667 ἄριστον
781 3587 838 3669 γὰρ
862 3585 909 3660 ὡς
932 3583 1163 3667 ἀμυγδαλὰς
1187 3581 1243 3664 ἐγὼ

497 3686 671 3768 παρέθηκα,
693 3688 743 3750 καὶ
766 3699 825 3750 τῶν
848 3689 970 3769 ῥοιδίων
994 3686 1167 3767 ἐτρώγομεν.

255 3789 337 3851 (lum
373 3805 504 3850 versum
540 3791 640 3851 ordiri
679 3796 821 3867 nequeat
849 3826 990 3868 ------
1027 3793 1175 3851 metrum
1218 3789 1360 3848 correxit
1396 3789 1534 3863 Bentley

254 3892 390 3953 delendo
413 3893 446 3951 in
470 3890 535 3951 fine
557 3894 760 3966 pronomine.
784 3896 830 3955 At
852 3893 995 3968 permira
1019 3907 1072 3951 me
1096 3890 1201 3951 iudice
1225 3892 1338 3949 manet
1356 3890 1532 3950 sententia.

253 3994 414 4053 Dicuntur
444 3993 532 4053 enim
564 3995 722 4055 convivae
752 4009 816 4055 non
848 3994 1018 4069 appositas
1040 3992 1103 4052 sibi
1127 3990 1336 4066 amygdalas,
1361 3991 1445 4065 quod
1470 4007 1534 4052 cre·

253 4095 360 4168 deres,
392 4094 449 4153 sed
480 4110 578 4168 poma
607 4099 746 4171 granata
771 4097 959 4158 comesisse.
984 4094 1176 4156 Postulatur
1198 4092 1309 4167 procul
1333 4092 1429 4152 dubio
1452 4092 1533 4153 haec

252 4196 434 4256 sententia:
467 4193 747 4270 „comedebamus
776 4213 858 4271 quas
887 4213 946 4271 ego
971 4195 1181 4272 apponendae
1204 4208 1396 4254 curaveram
1421 4208 1532 4267 amyg·

251 4296 343 4356 dalas
366 4300 399 4356 et
422 4311 519 4370 poma
538 4300 709 4374 granata'’‚
724 4300 833 4373 itaque
853 4291 909 4375 μετ’
932 4294 1053 4375 ἅριοιον
1070 4297 1214 4371 pessime
1234 4295 1450 4369 depravatum
1470 4298 1531 4354 est.

253 4397 404 4458 venitin
431 4401 597 4458 mentem:

497 4506 570 4556 τῶν
594 4499 801 4571 Ναξίωνθ)
826 4499 881 4578 γὰρ
905 4490 955 4559 ὧν
979 4496 1220 4578 ἀμυγδαλῶν
1244 4493 1300 4576 ἐγὼ

495 4596 654 4676 παρέθηκα
678 4599 728 4660 καὶ
751 4611 810 4661 τῶν
834 4601 955 4681 ῥοιδίων
980 4598 1151 4681 ἐτρώγομεν.

251 4702 362 4774 Νάξιαι
396 4698 568 4779 ἀμυγδαλαῖ
600 4703 730 4775 saepius
765 4703 798 4763 in
834 4703 1034 4764 comicorum
1070 4699 1229 4774 relliquiis
1264 4703 1447 4760 occurrunt.
1484 4697 1530 4758 Of.

251 4804 370 4865 Iacobii
402 4804 516 4863 iudex.
551 4798 621 4861 Μετ’
648 4800 782 4880 ἄριστον,
808 4805 848 4864 ab
873 4805 1051 4880 interprete
1075 4802 1278 4876 adscriptum
1302 4800 1444 4861 fortasse
1467 4814 1531 4873 quo

250 4909 397 4980 tempore
432 4906 503 4979 ipsa
536 4904 647 4964 fabula
680 4908 864 4981 supererat,
907 4907 977 4965 tam
1019 4905 1112 4979 gravi
1148 4902 1251 4964 errori
1285 4901 1380 4961 facile
1415 4916 1531 4961 ansam
