3502 5512
891 343 932 403 84

252 526 303 589 nr.
331 529 403 602 129,
428 529 458 588 2.
494 527 690 603 Suspectum
725 525 868 588 alterum
902 530 1015 587 utrum
1049 522 1118 602 μέν,
1153 523 1211 585 sed
1247 521 1465 592 immodulata
1499 518 1572 580 llei-

295 630 382 690 nekii
416 632 467 689 est
502 630 659 690 correctio
693 625 787 703 ὄψον,
825 628 951 704 melior,
983 628 1041 688 sed
1073 629 1160 687 iusto
1192 625 1376 699 violentior,
1409 620 1573 695 Blaydesii

295 726 425 806 ὀψάριον
459 724 550 790 οὐδὲν
585 726 679 788 ἐσθίει
712 727 883 788 θαλάττιον.
918 728 999 804 Quia
1033 731 1147 788 tamen
1182 724 1343 784 θαλάττιον
1373 720 1479 797 οὐδέν,
1508 736 1574 781 non

293 832 404 893 addito
427 828 522 906 ὄψον,
547 832 733 893 rectissime
755 831 882 892 dictum
905 832 970 905 est,
1003 829 1171 891 suffecerit
1193 826 1337 887 scribere
1360 840 1435 887 cum
1459 823 1573 885 eodem

295 932 472 994 Meinekio:

742 1030 758 1093 ὁ
782 1027 813 1092 δ’
839 1029 854 1093 ἔ
861 1055 879 1092 ν
903 1039 971 1108 (pro
995 1027 1060 1110 μὲν)
1084 1029 1164 1115 ἀγρῷ
1188 1029 1368 1107 τρεφόμενος

560 1133 723 1195 θαλάττιον
747 1131 802 1212 μὲν
825 1127 913 1206 οὗτος
937 1131 1027 1195 οὐδὲν
1051 1131 1160 1208 ἐσθίει,
1183 1131 1238 1192 uti.

249 1236 305 1305 Vs.
330 1240 360 1298 4.
392 1235 513 1307 θύννον
544 1251 602 1311 pro
632 1236 752 1314 θύννης
782 1238 856 1298 sine
887 1252 988 1298 causa
1010 1237 1128 1296 idonea
1156 1236 1205 1296 Bl.
1232 1268 1272 1277 -
1296 1233 1353 1294 Vs.
1375 1235 1405 1293 6.
1430 1232 1518 1292 idem
1542 1227 1575 1288 τὸ

295 1331 364 1396 δεῖν’
391 1334 429 1397 ἂν
452 1333 582 1408 ludium
606 1339 665 1398 aut
686 1336 719 1397 τὸ
743 1336 827 1397 δεινά
851 1332 879 1397 δ’
906 1335 945 1396 άν
965 1338 1091 1417 φάγοις;
1111 1338 1205 1398 Prius
1224 1334 1467 1411 placet-Vs.
1489 1333 1520 1392 7.
1540 1330 1575 1389 τά

293 1436 434 1498 λειόνοιτα
465 1445 565 1496 ταῦτα.
597 1438 660 1513 nl,
700 1442 940 1503 nutv-ew.
961 1442 993 1498 Γ.
1017 1443 1127 1510 ποῖα;
1154 1441 1188 1497 Κ.
1207 1442 1248 1507 i.;
1278 1452 1336 1512 pro
1359 1438 1464 1509 πλοῖα,
1490 1434 1575 1508 quod

295 1540 327 1600 in
351 1542 436 1598 λεῖα
454 1539 577 1599 mutari
597 1539 687 1600 iubet
706 1540 885 1616 Headlam;
907 1543 977 1616 ipse
996 1537 1077 1599 τουτὶ
1102 1541 1134 1600 in
1153 1539 1192 1598 τὸ
1212 1538 1261 1606 τίς
1280 1537 1477 1598 mutandum
1496 1538 1575 1611 puto

294 1656 370 1701 cum
402 1639 539 1715 Rachia,
564 1640 740 1715 desperans
763 1641 803 1702 de
832 1642 982 1717 reliquis3
1008 1657 1086 1703 narn
1110 1644 1188 1717 apia
1210 1641 1340 1714 quidem
1364 1638 1422 1698 sed
1444 1637 1576 1698 traditis

294 1741 520 1801 dissimillima
537 1743 617 1801 sunt
635 1757 718 1815 quae
738 1746 908 1818 praeterea
928 1745 1106 1820 proposuit.
1122 1777 1148 1787 -
1176 1743 1232 1802 Vs.
1253 1743 1283 1802 8.
1303 1740 1455 1801 Feliciter
1472 1737 1576 1798 Head-

294 1843 377 1915 lam,
408 1842 481 1903 coll.
512 1842 614 1902 Arist.
646 1843 685 1903 fr.
711 1845 775 1904 218
808 1848 841 1904 et
871 1845 983 1920 Eupol.
1009 1847 1088 1920 333,
1120 1842 1212 1922 ἔγνως
1232 1858 1289 1918 pro
1309 1839 1432 1920 ἀγρίοις,
1454 1841 1577 1914 quanto

294 1943 494 2018 probabilius
528 1960 628 2017 quam
663 1944 788 2020 μάλιστά
818 1941 842 2025 γ’
881 1947 931 2007 vel
964 1945 1068 2024 ἥδιστά
1098 1940 1121 2024 γ’
1154 1944 1308 2019 alaydes,
1344 1942 1399 2016 qui
1430 1940 1578 2001 adhibita

293 2044 458 2105 Eustathii
478 2044 617 2105 lectione
641 2048 805 2122 sagaciter
828 2064 876 2109 vs.
900 2050 940 2108 10
964 2049 1095 2124 supplet
1118 2046 1290 2108 scribendo
1313 2043 1422 2120 κομιδῆ
1446 2038 1502 2121 γὰρ
1521 2039 1577 2100 οὐκ

296 2137 333 2222 ἦν
361 2142 481 2207 <minio
505 2140 693 2210 ἕνταῦθ’>
720 2147 856 2225 οὐδαμοῦ
871 2153 938 2210 nui
961 2143 1080 2209 ἐνθάδ’.

255 2248 305 2306 Fr.
334 2248 407 2320 132,
441 2249 470 2308 3.
503 2248 596 2323 σακτή
632 2253 821 2326 corruptum
861 2255 956 2325 putat
991 2251 1039 2313 Bl.
1080 2251 1197 2326 Quidni
1231 2264 1309 2310 vero
1343 2247 1442 2322 loligo
1468 2243 1579 2326 farciri

295 2350 425 2424 potuit?
449 2349 504 2409 Vs.
529 2351 548 2408 9
572 2354 698 2412 temere
720 2352 808 2413 idem
831 2349 882 2412 nal
904 2353 1018 2413 τούτων
1041 2353 1094 2413 vel
1116 2353 1229 2412 τούτων
1252 2346 1306 2427 μὲν
1328 2365 1386 2426 pro
1409 2349 1511 2410 sanis.

252 2451 301 2510 rr.
331 2452 402 2523 133,
429 2453 459 2510 5.
495 2448 629 2525 ἕιιομίας
660 2468 717 2527 pro
749 2452 786 2514 οὐ
818 2454 923 2530 ταμίας
953 2455 1025 2515 sine
1049 2470 1150 2515 carisa
1173 2454 1291 2515 idonea
1313 2452 1377 2524 Bl.;
1408 2453 1579 2527 praeterea

296 2552 448 2611 librarius
480 2551 609 2612 facilius
640 2555 672 2613 in
704 2557 903 2617 contrariam
928 2560 1057 2631 partem
1082 2558 1261 2632 peccasset.
1287 2588 1328 2598 —
1353 2554 1409 2613 Vs.
1435 2553 1465 2613 7.
1489 2549 1577 2625 τυρὸς

294 2651 418 2729 χλωρός,
442 2654 461 2712 1.
476 2669 503 2713 e.
525 2649 541 2712 ὁ
563 2652 627 2724 νέος
646 2653 696 2713 καὶ
716 2656 902 2732 πρόσφατος,
921 2659 1101 2734 interprete
1123 2656 1307 2731 Phrynicho
1320 2653 1419 2714 Beki.
1432 2669 1463 2729 p.
1478 2654 1531 2726 73,
1546 2655 1576 2713 3.

296 2754 342 2813 Bl.
378 2754 433 2814 cit.
468 2755 564 2815 Alex.
589 2756 636 2815 ΙΙΙ
660 2759 735 2832 482,
763 2759 802 2817 12
827 2760 867 2819 Μ.
895 2793 934 2802 -
962 2760 1015 2820 Vs.
1047 2763 1077 2820 9.
1110 2760 1209 2819 Recte
1234 2755 1357 2833 κνηστός
1381 2770 1439 2831 pro
1466 2753 1577 2831 πηκτός

297 2855 507 2915 Halbertsma
531 2872 573 2916 ex
596 2857 747 2918 Euatath.
774 2875 803 2934 p.
829 2860 904 2935 872,
934 2863 983 2921 11.

251 2956 302 3016 Fr.
331 2957 403 3029 134,
431 2959 444 3015 l
479 2956 566 3017 male
597 2952 685 3016 ταῦθ’
717 2975 775 3034 pro
806 2956 889 3021 τοῦθ’
917 2967 972 3031 (sc.
992 2960 1039 3032 ‘ivl
1063 2962 1112 3021 Bl.
1139 2994 1178 3005 -
1204 2960 1259 3021 Vs.
1285 2962 1315 3020 5.
1340 2960 1432 3020 idem
1455 2973 1576 3019 sanum

295 3058 502 3132 participium
536 3066 680 3133 παροῦσι,
714 3061 734 3121 i.
759 3077 786 3122 e.
819 3063 982 3138 convivis,
1019 3061 1221 3122 confidenter
1255 3062 1287 3121 in
1318 3067 1423 3119 πιοῦσι
1452 3061 1575 3133 mutat,

294 3158 378 3233 quod
407 3158 527 3219 saltem
552 3161 673 3219 πίνουσι
697 3163 792 3236 (quod
818 3167 962 3224 metrum
987 3180 1051 3224 non
1076 3165 1150 3233 fert)
1173 3178 1291 3223 sonare
1315 3161 1464 3222 debebat.

251 3260 301 3320 Fr.
330 3262 402 3328 131.
428 3261 458 3320 2.
490 3260 537 3324 Gi.
560 3263 662 3323 etiam
686 3265 741 3324 Ar.
766 3265 822 3338 nq.
847 3267 912 3325 944
936 3281 984 3339 sq.
1012 3299 1051 3308 —
1076 3265 1132 3326 Vs.
1158 3266 1188 3325 8.
1214 3267 1396 3342 μελαγχροῦς
1419 3265 1576 3337 exspecto

294 3378 369 3422 cum
394 3362 457 3436 Bl.‚
482 3363 536 3436 qui
560 3363 615 3423 cit.
641 3365 784 3426 Polioch.
810 3366 854 3425 IV
878 3368 943 3427 590
967 3371 1113 3446 μελαγχρῆ
1137 3367 1242 3442 μᾶζαν.

250 3462 300 3523 i'r.
329 3464 401 3537 137,
430 3466 457 3524 1.
482 3464 529 3524 Bl.
562 3461 676 3539 τράπεζ’
710 3463 861 3551 ἀφῃρέθη·
886 3465 957 3543 μετὰ
979 3475 1072 3527 ταῦτα
1096 3467 1254 3543 δαίμονος,
1275 3468 1389 3541 spreta
1410 3464 1502 3525 omni
1524 3463 1575 3523 lit·

296 3567 443 3625 terarum
468 3565 694 3627 similitudine.

250 3664 300 3724 Fr.
329 3666 401 3725 138.
458 3671 585 3743 κεστρεῖς
609 3664 698 3744 ἔχων,
720 3661 780 3726 dtl‘
805 3666 842 3728 οὐ
866 3669 1059 3747 στρατιώτας,
1083 3669 1237 3748 τυγχάνεις
1258 3667 1264 3745 Ι
1283 3667 1408 3743 νήστεις.

292 3764 387 3825 Dicta
418 3768 498 3827 haec
529 3769 681 3829 videntur
704 3769 744 3829 ad
769 3770 885 3830 ducem
910 3773 1021 3831 nescio
1045 3787 1142 3847 quem
1168 3767 1318 3848 (ξεναγόν,
1340 3771 1376 3828 ut
1400 3766 1574 3840 suspicor),

291 3868 348 3939 qui
372 3882 428 3942 pro
452 3868 615 3929 militibus
638 3871 720 3930 bene
743 3872 879 3931 nutritis
903 3876 936 3933 et
960 3873 1109 3933 honestis
1131 3871 1303 3932 famelicos
1326 3870 1462 3942 ideoque
1485 3882 1573 3943 rapa·

294 3984 349 4028 ces
388 3968 629 4043 dissolutosque
670 3971 823 4046 ducebat,
868 3974 1147 4046 quemadmodum
1183 3972 1267 4047 apud
1298 3970 1574 4045 shakespearium

292 4069 438 4129 Falstaff.
477 4070 605 4130 Cadunt
639 4071 719 4130 talia
754 4073 786 4130 in
821 4073 1054 4132 diadochorum
1094 4077 1253 4146 tempora.
1297 4073 1410 4133 Moneo
1444 4073 1575 4146 propter

292 4171 467 4245 Kockium,
494 4173 547 4245 qui
574 4186 727 4246 „prorsus
752 4173 949 4234 obscurum”
976 4177 1071 4234 vocat
1093 4174 1330 4248 fragmentum.

248 4272 300 4331 Fr.
329 4274 400 4347 140,
423 4274 452 4332 3.
478 4272 638 4332 Headlain
663 4273 797 4347 μαλακάς
821 4270 940 4352 σφόδρ’;
965 4277 997 4333 Β.
1017 4272 1120 4347 ἀδεῶς·
1145 4299 1174 4351 μ.
1198 4296 1246 4348 πρ.
1271 4271 1303 4333 δὲ
1327 4274 1375 4333 δεῖ
1396 4274 1447 4333 vel
1472 4267 1498 4330 δ’
1525 4271 1573 4340 ἴα,

292 4376 330 4432 ut
360 4378 436 4433 ante
473 4375 552 4433 haec
588 4390 635 4434 vs.
669 4375 802 4451 elapsus
832 4379 890 4452 sit,
923 4379 1015 4437 cuius
1038 4378 1242 4438 sententiam
1267 4376 1425 4436 indicavit
1449 4375 1574 4435 verbis:

297 4477 387 4548 „And
422 4478 494 4535 how
526 4476 566 4535 do
598 4493 660 4549 you
692 4478 754 4538 feel
779 4480 922 4539 towards
949 4483 1049 4558 λαγῷα
1073 4481 1136 4539 and
1160 4478 1307 4555 ιιίχλας7”
1331 4476 1403 4538 coll.
1427 4477 1576 4537 Platonis

293 4579 330 4635 ir.
370 4579 440 4651 174,
467 4578 487 4636 8
519 4592 581 4652 sq.,
619 4578 768 4639 Alexidis
804 4583 876 4654 163,
903 4585 939 4652 5;
976 4582 1144 4641 Menandri
1178 4581 1253 4654 1118,
1289 4581 1421 4653 13,16;
1455 4578 1574 4638 Athen.

292 4694 321 4751 p.
347 4680 410 4738 357
430 4680 473 4752 8.,
498 4695 581 4752 quae
604 4682 819 4755 sagacissime
843 4684 1032 4756 excogitata
1055 4687 1144 4743 sunt.
1168 4682 1238 4741 Vid.
1265 4683 1374 4756 ipsum
1398 4680 1575 4754 Athenaei,

293 4782 346 4839 ubi
383 4782 443 4841 hoc
479 4782 516 4841 ir.
553 4782 696 4859 affertur,
734 4785 853 4846 locum.
879 4819 917 4826 -
946 4786 1000 4845 Vs,
1030 4788 1049 4844 4
1077 4802 1125 4859 sq.
1158 4785 1205 4844 Bi.
1242 4785 1440 4844 continuans
1476 4781 1576 4842 verba

291 4906 319 4955 μ.
341 4877 368 4940 δ’
392 4882 422 4941 εἴ
436 4904 479 4954 τις
494 4882 659 4960 προσφέροι
672 4882 719 4943 σοὶ
739 4887 839 4961 priori
856 4901 1028 4962 personae:
1051 4887 1172 4966 τρώγοις
1195 4882 1265 4962 ovi,
1286 4883 1290 4961 Ι
1312 4883 1386 4967 ᾠόν;
1406 4885 1438 4941 Β.
1450 4881 1575 4942 καταπί-
