3502 5512
880 350 942 406 ilc

156 544 161 554 ’
250 541 301 600 nr.
329 542 401 615 195,
430 541 458 599 1.
490 536 613 596 κάτισθι
632 536 680 596 Bl.
713 537 805 597 Idem
829 535 862 594 in
893 535 931 594 ir.
959 535 1019 595 197
1052 536 1140 594 recte
1167 536 1278 595 tuetur
1308 532 1458 611 uolucri
1481 538 1571 597 etin

294 643 332 704 ir.
360 643 422 702 198
447 640 592 716 praefert
613 637 789 698 lectionem
814 632 830 696 ὁ
852 633 974 712 μέλλων.

248 743 298 803 Fr.
334 744 406 803 199.
438 743 529 802 Idem
559 737 629 809 τοὺς
663 736 736 809 σοὺς
763 770 802 779 -
826 735 879 815 ἔχε.
911 737 944 797 Si
976 752 1011 797 1ο
1044 751 1122 797 vora
1151 737 1244 797 locus
1273 737 1475 801 Philemonis
1503 743 1568 814 ost,

293 844 452 905 articulus
474 858 555 903 sane
580 843 632 903 est
655 841 874 901 necessarius,
899 840 962 900 Sed
985 840 1025 900 ci.
1050 839 1151 900 Kock.

249 947 300 1006 11.
326 947 401 1005 200.
427 944 538 1004 Malim
562 942 589 1003 εἰ
613 977 652 987 -
678 940 742 1020 ἔχει.
767 942 815 1002 Bl.
840 938 879 999 άν
902 975 946 983 -
970 939 1029 1023 ἔχῃ.

249 1048 299 1108 Fr.
324 1049 398 1107 201.
429 1047 529 1106 Recte
559 1045 673 1105 Nauck
703 1036 902 1119 μεταλήψεσο
928 1049 1015 1112 (cum
1041 1043 1143 1113 codd.)
1175 1048 1208 1103 et
1234 1042 1289 1122 οὐχ
1312 1041 1411 1122 ἕτερον
1434 1046 1569 1115 (dudum

292 1153 369 1210 ante
399 1150 470 1216 Bit.
505 1147 553 1206 Bl.
590 1145 644 1206 cit.
681 1144 901 1205 Horatianum
939 1144 1107 1219 ,coelum
1139 1159 1204 1204 non
1235 1146 1400 1222 animum,
1438 1150 1571 1208 mutant

292 1253 346 1327 qui
370 1253 464 1311 trans
488 1263 579 1309 mare
603 1248 773 1308 currunt.”

248 1354 299 1413 Fr.
325 1354 400 1413 203.
426 1351 556 1425 Optime
580 1348 693 1410 Nauck
717 1344 791 1423 ἐστι,
813 1346 853 1424 μὴ
877 1363 935 1424 pro
959 1344 1038 1406 ἔστιν
1057 1344 1085 1425 ἣ.

248 1454 298 1515 Fr.
325 1455 399 1514 204.
438 1451 590 1512 Feliciter
621 1450 669 1509 Bl.
700 1443 784 1507 στάντ’
817 1445 969 1528 ἐλέγχεται.
994 1482 1034 1491 -
1055 1448 1185 1526 κρίνεται
1214 1464 1333 1510 sanum
1358 1451 1497 1511 videtur.
1523 1451 1570 1511 De

291 1554 461 1616 sententia
492 1553 531 1613 ci.
557 1552 653 1626 Soph.
680 1550 756 1611 Oed.
781 1550 859 1624 ch.
892 1551 957 1610 614
981 1565 1047 1624 sq.;
1079 1550 1188 1624 nurip.
1220 1551 1349 1625 Hippoi.
1374 1553 1439 1612 428
1463 1568 1511 1627 sq.
1537 1556 1571 1612 et

295 1657 377 1716 1051
404 1670 470 1728 sq.;
495 1655 657 1728 Antiopae
686 1652 725 1712 fr.
751 1653 814 1711 222
839 1649 953 1725 ch.²;
984 1651 1114 1712 Pindar.
1140 1651 1188 1712 Ol.
1212 1652 1243 1711 X
1268 1655 1309 1715 65
1334 1653 1384 1723 (ci.
1410 1653 1448 1714 ir.
1476 1656 1568 1727 136);

294 1755 452 1816 Simonid.
476 1754 515 1815 fr.
544 1756 622 1827 175;
647 1754 791 1827 Theogn.
816 1754 896 1825 967;
920 1753 1004 1814 Xen.
1030 1754 1114 1814 Holl.
1139 1754 1186 1813 III
1211 1755 1241 1829 3,
1268 1757 1287 1814 2
1312 1758 1373 1816 etc.

248 1859 299 1918 Fr.
325 1858 400 1917 207.
424 1856 473 1915 Bl.
498 1853 743 1924 1ο11111ονόσος.

249 1960 298 2019 Fr.
325 1960 399 2018 208.
432 1956 584 2016 Praeiero
616 1954 727 2016 Gobeti
757 1955 1014 2029 explicationem
1048 1955 1164 2016 Kockii
1200 1957 1392 2033 suspicioni,
1428 1958 1486 2018 sed
1517 1959 1569 2019 vel

222 2092 223 2096 =
292 2061 404 2120 minus
427 2056 528 2133 probo
551 2056 718 2131 Blaydesii
741 2057 967 2117 coniecturam
996 2065 1116 2120 <τιάν>
1143 2055 1176 2116 τὸ
1202 2055 1303 2135 θέρος,
1325 2059 1424 2137 γάναι.
1447 2058 1571 2121 Contra

292 2161 381 2221 enim
404 2158 570 2220 sententia
592 2156 777 2232 postularet
800 2155 895 2232 μόνον
912 2155 945 2216 τὸ
968 2155 1068 2235 θέρος,

249 2263 299 2322 Fr.
324 2262 399 2320 212.
424 2259 470 2320 Oi.
496 2258 606 2318 Nauck
632 2257 704 2318 Mel.
728 2258 773 2316 VI
799 2259 871 2317 105.

248 2364 298 2422 l'r.
325 2363 399 2434 213,
426 2362 455 2420 2.
480 2369 594 2442 σεαυτῷ
621 2360 790 2420 Richards
817 2392 857 2402 -
882 2360 937 2420 Vs.
967 2361 996 2419 b.
1021 2357 1057 2419 οά
1082 2362 1169 2421 male
1200 2361 1262 2423 del.
1295 2363 1342 2422 Bl.
1368 2397 1407 2407 -
1433 2364 1488 2423 Vs.
1516 2366 1567 2424 10.

290 2455 398 2541 ἐβάλεά
424 2459 560 2540 άγτιυραν
583 2461 773 2531 ιιαθάοας
796 2456 959 2536 ἀσφαλείας
979 2459 1097 2520 οὕνεκα.
1110 2462 1335 2523 Proculdubio
1348 2463 1566 2525 malesanum

290 2568 342 2625 est
364 2561 525 2636 καθάρας,
544 2562 601 2623 sed
625 2562 701 2635 quia
727 2562 830 2622 etiam
853 2560 985 2634 καθιείς,
1007 2562 1090 2635 quod
1115 2565 1266 2638 proponit
1277 2563 1336 2639 Bl,
1355 2568 1430 2639 post
1448 2562 1568 2642 ἐβάλετο

290 2666 449 2734 abundat,
474 2664 561 2725 allud
585 2663 687 2723 latere
711 2663 914 2723 crediderim.
940 2696 981 2705 -
1005 2662 1060 2722 Vs.
1088 2665 1138 2723 11.
1163 2665 1224 2724 Ρ1ο
1248 2665 1374 2748 μετάσχῃ
1397 2667 1569 2744 ττνεάματσς

290 2767 478 2841 φορούμενος
502 2764 593 2824 Kock
616 2763 747 2845 κατάσχῃ
767 2763 946 2843 σφοδροῦ
970 2760 1074 2840 μένος,
1092 2765 1141 2824 Bi.
1162 2766 1311 2843 λαβροῦ
1331 2763 1428 2843 γένος.
1450 2769 1567 2844 Quidni

289 2870 411 2944 potius,
433 2867 524 2928 nulla
543 2867 673 2925 mutata
691 2865 816 2940 littera,
837 2866 1007 2941 πνεύματος
1026 2875 1152 2944 φοροῦ
1172 2864 1274 2943 μένος,
1291 2868 1319 2927 si
1340 2883 1416 2929 vere
1429 2869 1515 2945 Pape
1532 2871 1566 2929 in

288 2970 393 3033 lexico
432 2967 601 3029 contendit
631 2964 727 3043 φορὸν
757 2963 871 3040 άαεμον
905 2982 970 3027 1ο1
1000 2970 1133 3030 lantum
1164 2970 1226 3029 dici
1248 2973 1385 3030 venium
1422 2986 1565 3032 secun-

288 3072 393 3144 dum,
418 3071 475 3131 sed
499 3071 600 3129 etiam
626 3068 919 3129 vehementem
943 3071 983 3129 et
1010 3071 1322 3145 procellosum?
1343 3072 1432 3147 Quod
1450 3075 1566 3134 tamon

287 3173 444 3247 inspectis
467 3172 547 3232 locis
571 3169 729 3230 Thesauri
752 3185 778 3229 s.
804 3186 833 3230 v.
858 3169 1089 3230 dubitaverim.
1120 3172 1342 3233 Nihilominus
1373 3189 1452 3233 num
1477 3175 1565 3248 quid·

286 3289 386 3348 quam
417 3274 550 3333 omnino
581 3272 769 3332 novandum
801 3272 846 3330 sit
876 3270 998 3331 dubito.
1024 3272 1131 3332 Etiam
1156 3269 1272 3351 ἀγνοεῖς
1297 3289 1344 3333 vs.
1373 3275 1412 3333 14
1436 3274 1567 3335 delendi

286 3390 382 3451 posse
407 3375 536 3435 videtur
559 3375 598 3444 (si
622 3373 698 3448 quid
723 3373 933 3448 mutandum,
959 3389 1033 3433 cum
1057 3374 1105 3434 Bl.
1128 3375 1244 3434 malim
1267 3373 1377 3446 <τι1ς>
1401 3374 1566 3454 μεταβολὰς

285 3474 444 3555 ἀγνοεῖς;),
475 3475 532 3536 sed
563 3491 612 3535 vs.
647 3476 686 3534 13
718 3495 767 3549 μοι
790 3488 849 3549 pro
873 3490 920 3531 σοι
943 3483 1033 3535 certa
1056 3479 1108 3535 est
1131 3476 1245 3536 Kockii
1270 3477 1441 3552 correctio,
1466 3477 1566 3550 quia

284 3579 450 3638 sententia
472 3578 642 3637 aberrasse
667 3576 795 3636 videtur
816 3590 1017 3651 proponens:

462 3677 489 3737 εἰ
511 3673 543 3736 δὲ
567 3677 622 3753 μή,
644 3676 750 3756 γνώσει
774 3675 899 3736 σεαυτὸν
922 3673 1041 3735 οὐδὲν
1065 3671 1137 3735 ὄντ’
1163 3671 1237 3736 ἀλλ’
1263 3674 1282 3755 ἢ
1306 3677 1392 3737 σκιάν

283 3796 382 3855 quam
406 3780 607 3839 sententiam
632 3781 720 3838 recte
743 3782 924 3851 agnoverat
946 3778 1142 3838 Heimsoeth
1166 3779 1294 3839 soloece
1318 3780 1482 3841 scribens:

462 3913 513 3947 -,
535 3879 673 3956 γνοίης
698 3875 742 3935 ἂν
766 3876 912 3949 αὐτοὺς
936 3876 1007 3937 ἄλλο
1032 3875 1125 3956 μηδὲν
1148 3876 1168 3958 ἢ
1192 3880 1287 3938 oacrio.

282 3982 457 4053 Debuerat,
486 3980 550 4039 nisi
573 3980 683 4040 fallor:

462 4115 514 4148 -,
536 4079 677 4158 γνοίης
701 4077 745 4137 ἂν
770 4077 886 4151 ὄντας
910 4079 980 4140 ἄλλο
1002 4078 1097 4159 μηδὲν
1120 4079 1140 4159 ἢ
1165 4082 1259 4141 σκιάν.

283 4184 329 4243 ct.
363 4182 516 4256 Aeschyli
544 4195 659 4255 Agam.
693 4182 756 4241 839
781 4197 840 4256 sp,
864 4183 920 4256 qui
944 4183 1034 4244 locus
1062 4184 1245 4244 Philemoni
1269 4185 1466 4244 obversatus
1489 4200 1563 4246 esse

245 4328 251 4337 .
283 4286 421 4345 videtur.

237 4388 287 4445 Fr.
313 4388 387 4445 219.
420 4386 480 4444 Pr0
512 4382 614 4442 αὐλεῖν
637 4383 783 4443 Meineke
806 4382 921 4461 πληγὰς
944 4387 1047 4460 λαβεῖν
1071 4387 1142 4447 coll.
1168 4388 1314 4462 Philyllii
1338 4387 1377 4450 fr.
1408 4389 1458 4448 10.
1485 4390 1559 4451 784.

280 4488 393 4547 Eubuli
420 4487 456 4545 fr.
482 4486 534 4559 60,
560 4486 591 4544 Il
615 4502 642 4559 p.
670 4487 750 4557 185;
776 4485 810 4545 Ο.
833 4485 967 4546 Crusius
990 4491 1170 4564 παραυλεῖν;
1196 4489 1358 4563 Gomperz
1381 4489 1490 4548 κλάειν.
1512 4489 1559 4551 01.

280 4588 404 4659 Nauck,
430 4588 500 4646 Mel.
525 4587 569 4644 VI
597 4589 667 4660 165,
693 4587 747 4646 ubi
772 4587 886 4647 Kockii
912 4590 1114 4649 seutentiam
1140 4589 1323 4664 impugnat.

235 4691 285 4749 Fr.
311 4691 385 4762 230,
411 4691 439 4747 2.
466 4690 566 4748 Recte
590 4690 636 4748 ΒΙ.
662 4689 856 4765 opprobrioso
881 4688 957 4747 κακὰ
981 4691 1100 4749 παθών.

234 4792 283 4849 Fr.
310 4792 383 4864 231,
410 4792 439 4848 2.
466 4790 568 4847 dialect
592 4789 633 4865 μὴ
656 4788 768 4859 (Stob.)
793 4790 875 4850 bene
899 4792 1041 4865 praefert
1065 4793 1162 4852 idem.

234 4893 283 4950 Fi.
311 4893 384 4959 232,
410 4894 438 4949 2.
464 4882 496 4949 εὖ
520 4891 631 4967 πορίζει
656 4893 754 4951 idem.
