3502 5512
701 1585 1051 1670 PRAEFATIO.

279 2107 455 2165 Poetarum
489 2103 691 2177 fragmenta,
728 2116 767 2161 ea
801 2101 995 2176 praesertim
1031 2115 1114 2175 quae
1149 2116 1168 2162 a
1202 2102 1285 2162 seris
1320 2099 1535 2176 scriptoribus

211 2229 503 2306 grammaticisque
534 2241 633 2302 saepe
656 2241 674 2288 e
696 2227 886 2303 depravatis
917 2228 983 2288 iam
1007 2227 1154 2288 fontibus
1177 2227 1273 2288 nobis
1297 2227 1420 2289 tradita
1442 2229 1534 2303 sunt,

212 2357 253 2419 ad
289 2354 558 2431 corruptissimos
586 2353 708 2427 ingenii
743 2352 857 2413 Graeci
891 2352 1060 2428 relliquias
1094 2353 1258 2429 pertinere
1289 2354 1420 2414 constat
1448 2352 1535 2411 inter

213 2496 339 2544 omnes.
360 2480 405 2541 Ut
425 2482 539 2541 autem
558 2478 661 2539 ardua
680 2477 794 2537 omnia
813 2477 974 2552 impigros
993 2477 1151 2538 mortales
1168 2492 1247 2553 prae
1266 2477 1385 2538 ceteris
1405 2476 1536 2537 allicere

212 2607 334 2683 solent,
367 2607 414 2666 ita
445 2605 520 2665 inde
552 2618 571 2664 a
600 2602 727 2664 renatis
755 2617 858 2677 paene
880 2601 1002 2662 litteris
1025 2604 1191 2665 innumeri
1215 2603 1336 2679 critici,
1361 2604 1394 2662 in
1417 2602 1536 2677 quibus

212 2747 346 2794 summa
376 2731 520 2806 ingenia,
552 2730 605 2790 his
635 2730 831 2804 fragmentis
863 2729 1077 2790 emendandis
1108 2733 1141 2791 et
1171 2730 1377 2792 illustrandis
1402 2746 1535 2807 operam

213 2860 379 2919 naverunt
409 2857 601 2934 plurimam,
633 2859 668 2918 at
699 2857 751 2918 vel
781 2858 830 2918 sic
860 2861 973 2918 tamen
1004 2857 1100 2933 longe
1131 2858 1237 2935 abest,
1269 2860 1306 2918 ut
1335 2857 1431 2918 hodie
1454 2856 1534 2917 nihil

214 2985 378 3060 agendum
401 2984 555 3059 supersit.

279 3098 448 3172 Nusquam
484 3112 561 3158 vero
593 3113 648 3158 ars
679 3098 793 3158 critica
824 3097 1055 3158 coniecturalis
1085 3096 1247 3159 difficilior
1277 3099 1327 3158 est
1359 3099 1392 3157 et
1421 3111 1532 3172 saepe,

212 3225 375 3300 imprimis
405 3224 438 3284 in
469 3223 549 3284 locis
579 3223 782 3285 brevioribus
812 3223 975 3300 incertior,
1008 3239 1084 3284 cum
1106 3223 1302 3300 praesertim
1326 3223 1538 3298 grammatici

211 3365 309 3428 saepe
352 3349 523 3426 vocabula,
567 3364 705 3424 quorum
749 3363 849 3409 causa
890 3350 1063 3424 poetarum
1108 3348 1207 3411 rerba
1246 3347 1401 3421 afferunt,
1439 3346 1534 3407 unice

211 3479 366 3538 curantes
400 3491 465 3537 non
500 3476 648 3550 integras
683 3476 787 3536 citent
817 3473 1015 3550 sententias,
1048 3475 1095 3535 ita
1125 3477 1162 3534 ut
1191 3473 1267 3548 quid
1298 3474 1355 3533 aut
1378 3470 1418 3532 ab
1440 3470 1535 3530 initio

211 3604 270 3663 aut
293 3616 313 3662 a
334 3600 399 3663 flne
422 3601 471 3662 illi
493 3600 640 3662 dederint
671 3600 861 3674 ignoremus
888 3614 992 3674 neque
1015 3599 1171 3674 indagare
1194 3598 1360 3675 possimus
1383 3595 1534 3671 amplius.

213 3727 333 3804 Quare,
365 3728 393 3788 si
417 3743 572 3802 usquam,
605 3740 738 3786 summa
761 3726 814 3785 hic
837 3740 919 3800 opus
941 3728 993 3786 est
1017 3725 1146 3785 cantela
1169 3727 1203 3785 et
1225 3721 1534 3797 circumspectione;

212 3854 296 3926 quod
315 3867 381 3912 non
401 3853 484 3912 satis
504 3854 695 3927 reputantes
707 3851 794 3911 haud
807 3865 881 3911 raro
900 3851 1005 3911 critici
1016 3852 1119 3912 etiam
1133 3866 1189 3911 eos
1200 3850 1290 3911 locos
1302 3847 1534 3921 sollicitarunt,

211 3977 251 4037 de
274 3976 393 4051 quibus
415 3992 496 4037 num
520 3990 635 4037 revera
659 3975 803 4050 corrupti
825 3975 894 4035 sint
916 3974 956 4035 ob
980 3990 1053 4035 eam
1078 3990 1214 4035 causam
1237 3974 1375 4034 minime
1394 3973 1534 4032 constat.

280 4101 329 4161 Ex
352 4116 414 4175 quo
439 4103 551 4162 autem
570 4103 718 4176 tempore
736 4100 934 4161 Tenonoaus
954 4101 1048 4162 Kocrc
1068 4103 1141 4176 post
1160 4101 1363 4176 praeclarum
1384 4099 1534 4159 Auensnr

212 4227 372 4288 Mnrunnu
395 4241 477 4302 opus
500 4241 623 4286 novam
647 4240 743 4286 suam
776 4226 1038 4288 dominorum
1062 4227 1305 4288 Atticorum
1329 4227 1533 4301 fragmen-

212 4353 348 4413 torum
381 4351 561 4413 editionem
592 4351 750 4429 absolvit,
775 4368 840 4413 non
864 4353 973 4413 solum
997 4353 1114 4427 ingens
1137 4353 1231 4429 copia
1254 4367 1414 4413 nouarum
1438 4352 1535 4411 inter·

211 4478 453 4555 pretationum,
479 4478 757 4554 illustrationum,
789 4479 1073 4556 emendationum,
1105 4481 1367 4540 coniecturarum
1395 4492 1414 4538 a
1439 4478 1535 4554 pluri·

212 4603 277 4663 mle
318 4604 454 4665 eruditis
496 4603 684 4677 excogitata
722 4607 788 4680 est,
822 4605 880 4665 sed
914 4605 1017 4666 etiam
1052 4621 1069 4665 e
1102 4606 1248 4666 fontibus
1281 4604 1533 4679 diversissimis,

211 4729 376 4805 imprimis
404 4732 609 4808 papyraceis,
638 4734 803 4806 protracta
832 4735 884 4792 est
913 4732 1058 4809 locuples
1089 4747 1248 4793 novorum
1273 4731 1535 4805 fragmentorum

211 4870 321 4933 seges,
359 4856 407 4917 ita
436 4861 473 4917 ut
503 4857 622 4918 merito
652 4856 718 4917 iam
748 4857 951 4918 desideretur
981 4858 1021 4917 ab
1052 4857 1206 4917 omnibus
1236 4869 1351 4916 musae
1388 4855 1533 4916 comicae

702 5056 974 5170 313586
