3502 5512
844 407 905 468 115

212 599 264 660 Fr.
292 600 342 674 19,
368 599 398 658 2.
669 597 700 655 Β.
727 595 755 655 τί
776 594 814 655 σὺ
837 591 946 674 λέγειςς
970 592 1109 672 ἰχθύδιας

479 697 630 759 συσσίτιον
653 695 765 776 μὲίίεις
788 697 978 776 νοσηλεύεινς
1003 694 1120 757 ὅσον.

479 793 632 877 ἀκροκώλι’
659 795 744 874 ἕψειν
773 794 913 874 <ὠιίιι>,
935 796 1047 876 ῥύγχη,
1068 795 1173 866 πόδας.

225 930 229 935 ·
258 904 307 962 Ex
340 903 411 978 ipso
445 901 617 962 Athenaeo
652 900 792 962 feliciter
827 896 898 958 ὠτία
931 899 1079 960 restituit
1112 898 1216 973 Kock,
1252 899 1310 959 sed
1345 901 1534 974 corruptum

257 1006 363 1064 restat
386 1000 468 1078 όσον,
490 1017 553 1076 quo
576 1002 657 1062 nihil
681 1001 821 1063 lucidius
839 1004 891 1063 est
911 998 984 1085 ὅσῳ,
1002 999 1087 1075 quod
1108 1001 1277 1075 proposuit
1294 999 1342 1060 Bl.
1364 999 1537 1060 Manifesto

258 1104 426 1165 sententia
448 1102 610 1177 postulat:

794 1203 978 1282 νοσηλεύειν,
1000 1201 1065 1263 oto
1077 1225 1093 1261 ν

483 1299 635 1383 ἀκροκώλι’
663 1300 748 1380 ἕψειν
773 1338 812 1348 -
837 1304 951 1378 πόδας;

216 1411 267 1471 Fr.
292 1411 345 1486 20,
373 1410 400 1469 1.
425 1406 457 1468 τὸ
476 1406 601 1482 ιιρανίον
627 1404 807 1482 κατεδήδοκε
827 1422 884 1467 cur
903 1408 1050 1482 praestet
1071 1405 1205 1480 vulgato
1225 1405 1400 1467 verborum
1421 1407 1540 1482 ordini,

260 1512 305 1572 ut
320 1512 415 1586 putat
438 1508 497 1584 Bt,
522 1509 605 1570 mihi
629 1509 760 1585 quidem
785 1512 836 1569 εει
859 1508 1143 1569 obscurissimum.

217 1613 268 1673 Fr.
294 1613 346 1688 21,
372 1613 402 1672 3.
427 1608 570 1688 ἑταιρείας
601 1627 660 1687 pro
691 1606 819 1688 ἑταιρίας
848 1609 997 1685 postulat
1029 1608 1175 1670 Meineke
1200 1609 1359 1685 probante
1381 1610 1542 1685 Nauckio,

261 1713 476 1774 dissentiente
506 1713 567 1788 Bt,
592 1712 678 1787 quod
702 1712 831 1775 nullum
856 1713 949 1772 extet
973 1710 1110 1771 verbum
1135 1707 1308 1789 ἑταιρείαν,
1330 1711 1387 1772 εεδ
1411 1708 1546 1791 ἑταιρεῖν,

262 1830 327 1876 non
350 1817 509 1890 reputans
533 1818 646 1876 tamen
673 1829 747 1876 esse
771 1813 908 1875 verbum
933 1809 1154 1891 trecorensem,
1175 1811 1279 1873 subet.
1305 1809 1457 1890 ἑταιρείαν,
1481 1816 1544 1875 adi.

263 1913 418 1994 ἑταιρείας,
446 1916 573 1977 formae
602 1915 728 1976 ionicae
758 1911 908 1993 ἑταιρηίη,
929 1911 1085 1991 ἑταιρήτος.
1110 1912 1227 1974 Nullus
1251 1914 1420 1988 hucusque
1442 1915 1545 1976 bonae

263 2016 385 2078 aetatis
415 2015 532 2077 titulus
562 2018 719 2076 inventus
742 2016 882 2090 videtur,
911 2017 966 2090 qui
990 2014 1218 2090 quaestionem
1242 2014 1339 2089 plane
1362 2016 1545 2093 dirimeret,

264 2118 321 2179 sed
341 2118 437 2179 valde
458 2118 638 2195 probabilis
665 2121 779 2179 tamen
799 2118 928 2178 videtur
947 2116 1057 2193 opinio
1077 2131 1206 2192 eorum,
1231 2117 1286 2190 qui
1305 2117 1547 2193 diphthongum

263 2221 445 2297 postulant,
480 2220 678 2296 gravissimo
714 2221 847 2280 utentes
878 2221 1074 2295 argumento
1105 2217 1348 2292 diphthongum
1380 2219 1547 2281 interdum

265 2324 369 2383 metro
388 2321 562 2397 postulari,
585 2321 734 2382 vocalem
755 2335 932 2394 nusquam.
953 2319 1000 2379 cf.
1021 2318 1159 2380 Dindori
1175 2319 1208 2379 in
1222 2318 1390 2381 Thesauro
1402 2336 1432 2395 p.
1447 2322 1545 2382 2117.

264 2423 358 2484 Vana
381 2428 433 2486 est
451 2427 601 2485 veterum
625 2424 918 2499 grammaticorum
945 2423 1113 2483 distinctio
1137 2418 1375 2499 interiunctae
1389 2447 1430 2471 =
1443 2423 1548 2498 φιλίαν

265 2527 300 2586 ει
321 2521 467 2603 ἑταιρείαν
492 2541 594 2586 sensu
617 2524 759 2600 politico.
787 2523 948 2584 Similiter
971 2520 1093 2602 νἰνδρεία
1112 2524 1257 2598 genuina
1275 2524 1382 2586 torma
1400 2528 1452 2587 εει
1471 2530 1549 2596 (non

266 2623 385 2705 ἀνδρία)
409 2630 450 2688 ad
473 2626 725 2687 similitudinem
750 2625 905 2686 adiectivi
928 2621 1066 2703 ἀνδρεῖος
1090 2625 1243 2689 formata.

224 2729 275 2790 Fr.
300 2730 352 2805 22,
378 2730 396 2790 7
421 2729 571 2805 spurium
603 2728 693 2790 ducit
724 2729 784 2804 Bt,
809 2743 874 2789 non
899 2742 977 2804 ego,
1002 2742 1063 2788 nec
1086 2727 1180 2789 video
1204 2742 1261 2788 cur
1284 2743 1333 2789 vs.
1359 2730 1378 2789 9
1403 2732 1549 2804 praestet

268 2826 392 2909 ίτοτιερεί
424 2834 493 2904 (pro
522 2828 619 2902 ὥσπερ
650 2825 681 2906 ἡ)
712 2829 860 2907 Χίμαιρα,
892 2831 950 2889 aut
986 2844 1035 2888 vs.
1074 2830 1113 2889 12
1149 2835 1207 2886 νῦν
1236 2843 1294 2904 pro
1326 2822 1352 2888 δ’
1379 2821 1435 2908 αὖ,
1464 2847 1548 2905 quae

268 2932 356 2992 idem
379 2931 531 3006 requirit,
556 2931 615 2991 sed
641 2946 688 2990 vs.
717 2931 757 2991 18
781 2929 863 2991 bene
887 2932 1000 2990 tuetur
1024 2924 1088 3006 οόχὲ
1112 2928 1214 3008 νιόρρα
1234 2951 1294 2991 τιον
1317 2935 1400 2991 ιτοιεῖ
1419 2933 1550 3003 (leave

269 3065 310 3074 —
332 3032 498 3102 behind)
528 3034 562 3092 et
592 3047 639 3091 vs.
665 3032 707 3092 25
735 3030 799 3091 είθε
822 3032 965 3093 fortasse
992 3031 1062 3091 iure
1089 3031 1238 3106 postulat
1267 3047 1326 3109 pro
1348 3035 1456 3110 primo
1480 3027 1550 3093 εἶτα.

268 3133 408 3211 Ibidem,
441 3140 478 3194 ut
508 3133 663 3209 antehac,
695 3133 831 3208 probata
853 3132 992 3193 Dobraei
1015 3133 1142 3193 ratione
1166 3133 1314 3209 improbo
1338 3134 1454 3195 Koclrii
1478 3151 1548 3196 con·

268 3236 444 3309 tecturam,
465 3234 541 3309 quia
561 3233 673 3312 θρόνος
693 3248 860 3309 semper
880 3237 932 3294 est
947 3231 1109 3310 τετράπους
1122 3236 1155 3294 et
1167 3231 1324 3318 ἀπορούσῃ
1338 3235 1494 3297 abundat.
1509 3271 1550 3280 —

270 3336 325 3395 Vs.
351 3335 403 3395 21.
428 3334 539 3395 Malim
563 3331 610 3393 τὼ
634 3329 730 3411 ττίίη.
751 3367 792 3374 -
813 3334 869 3395 Vs.
892 3334 944 3394 28.
968 3334 1155 3409 Depravata
1176 3334 1274 3396 lectio
1298 3330 1324 3394 δ’
1351 3333 1433 3397 όντων
1459 3337 1551 3414 μόνος

270 3452 376 3512 neque
405 3435 570 3510 Blaydesii
602 3435 790 3497 coniectura
814 3428 841 3492 δ’
875 3434 953 3494 οὕτω
976 3434 1068 3512 μόνος
1098 3450 1202 3509 neque
1233 3437 1401 3499 Koclriana
1429 3437 1552 3500 πάντων

270 3536 362 3614 μόνος
392 3539 539 3598 sanatur.
571 3536 670 3597 Venit
699 3538 731 3596 in
768 3539 916 3597 mentem
948 3531 974 3595 δ’
1008 3532 1091 3595 όντων
1122 3535 1252 3612 μόλις,
1282 3537 1352 3598 scil.
1385 3540 1551 3601 invitus

270 3641 400 3714 propter
415 3638 516 3698 scorti
538 3637 722 3713 illecebras,
748 3638 866 3712 quibus
886 3640 1015 3713 captus,
1036 3653 1116 3698 mox
1129 3639 1270 3699 avaritia
1286 3639 1357 3699 eius
1376 3642 1553 3702 deterritus

271 3741 384 3814 lugam
409 3739 553 3812 capessit
577 3742 610 3799 et
635 3740 704 3799 vix
728 3739 844 3800 salvus
868 3739 987 3800 evadit.

229 3842 280 3903 Fr.
305 3841 358 3917 23,
384 3841 413 3900 2.
438 3833 494 3917 τρί’
523 3854 580 3914 pro
603 3838 664 3914 τρίς
689 3855 821 3900 mecum
847 3840 895 3900 Bl.

230 3943 280 4003 Fr.
306 3943 358 4002 24.
382 3937 432 4000 καὶ
462 3939 537 4016 πρὸς
567 3936 613 3999 inl
640 3940 756 4011 τούτοις
780 3939 945 4012 τιθασὸς
970 3940 1106 4017 οἰμώζων
1129 3933 1214 4014 ταῶς.
1240 3943 1320 4018 Quid
1345 3960 1467 4017 quaeso
1491 3946 1553 4006 sibi

274 4044 346 4104 vult
375 4041 524 4112 τιθασόςί
553 4043 667 4102 Nonne
698 4043 799 4117 igitur
829 4043 886 4102 illa
916 4046 1027 4104 aetate
1058 4058 1174 4104 omnes
1196 4060 1357 4121 pavones,
1385 4050 1420 4107 ut
1443 4047 1552 4121 hodio,

273 4145 307 4205 in
326 4143 463 4205 Graecia
481 4146 574 4203 erant
592 4144 741 4203 cicures?
765 4145 918 4205 Fortasse
938 4144 1057 4204 vitium
1077 4146 1200 4206 subest.
1224 4144 1366 4222 Οίμτόζαν
1387 4150 1499 4208 utrum
1511 4172 1552 4196 =

275 4243 489 4321 οἰμωξόμενος,
518 4245 555 4304 ut
586 4245 753 4320 Aristoph.
785 4245 823 4305 ir.
858 4245 908 4321 18,
934 4246 952 4304 2
985 4245 1051 4315 (nbi
1076 4247 1170 4322 vide),
1202 4263 1243 4309 an
1267 4248 1377 4323 potius
1401 4249 1555 4310 misere

277 4347 488 4408 clamans?
510 4344 595 4405 Nota
618 4347 669 4405 est
693 4346 834 4406 stridula
857 4361 923 4407 vox
946 4348 1095 4422 pavonis.

233 4449 285 4509 Fr.
305 4449 357 4523 25,
381 4450 409 4507 1.
430 4445 546 4506 Koolrii
567 4447 774 4507 coniecturae
794 4444 844 4505 καί
864 4446 1006 4524 Κραναος
1027 4464 1084 4523 pro
1097 4445 1216 4525 χότερος
1229 4465 1293 4511 non
1307 4451 1417 4511 solum
1430 4451 1555 4525 obstat,

277 4550 376 4625 quod,
410 4551 446 4609 ut
476 4547 555 4608 olim
588 4547 715 4621 monui,
749 4549 782 4607 in
813 4549 937 4608 tradita
971 4549 1111 4610 lectione
1146 4551 1236 4610 nulla
1270 4554 1322 4611 est
1357 4552 1494 4613 offensio
1525 4556 1559 4613 et

277 4655 389 4727 aperte
412 4650 604 4710 Athenaeus
627 4648 707 4708 illud
727 4664 792 4709 non
812 4650 906 4725 legit,
927 4652 984 4711 sed
1005 4652 1120 4726 etiam,
1143 4655 1179 4711 ut
1199 4654 1313 4712 monet
1329 4652 1388 4728 Bt,
1409 4654 1555 4715 additum

276 4774 329 4824 τις.
359 4750 476 4811 Procul
507 4749 605 4810 dubio
636 4764 777 4824 persona
807 4751 895 4826 prior
918 4751 1029 4812 verbis
1058 4749 1176 4830 χότερός
1200 4775 1243 4824 τις
1266 4769 1302 4814 εε
1327 4754 1437 4830 ipsum
1459 4755 1558 4829 signi·

279 4851 368 4929 licat,
402 4852 530 4911 comica
559 4852 814 4925 exaggeratione
851 4856 948 4913 utens
978 4856 1040 4922 (est
1071 4854 1160 4916 enirn
1189 4854 1429 4924 famelicus)
1459 4855 1559 4916 verbo

280 4953 492 5031 διαρραγῆναι,
523 4966 658 5028 prorsus
687 4955 724 5012 ut
747 4953 779 5013 in
804 4953 954 5014 Alexidis
978 4957 1011 5014 et
1035 4953 1241 5016 Phoenicidis
1264 4956 1459 5031 fragmentis
1482 4957 1559 5026 (vid.
