3502 5512
823 363 886 424 109

232 545 407 607 lectionem
441 546 565 621 optime
597 549 724 610 tuearis
757 550 948 625 Sophocleis
981 549 1048 610 illis
1083 550 1130 609 lil.
1166 550 1250 610 1059
1285 549 1355 622 τοὺς
1392 547 1513 610 ἄνωθεν

238 647 482 728 φρονιμωτάτους
505 648 641 721 οἰωνούς.

192 750 244 811 Fr.
269 750 321 826 29,
349 751 377 810 1.
412 750 460 810 Bl.
491 758 543 829 τῆς
576 751 681 822 πενίας
711 750 804 812 ὅπλον
832 746 914 817 (ἐστ’
948 748 1099 832 ίίριστον)
1132 747 1350 830 ἡΙτταρρησία
1382 768 1513 816 mecum

235 853 385 913 inserens
411 848 546 929 ἄριστον,
568 854 626 914 sed
649 855 737 915 recte
761 868 901 915 servans
924 854 1115 929 articulum,
1141 854 1213 915 coll.
1238 855 1321 915 Men.
1346 871 1434 916 mon.
1460 857 1513 917 49.

237 952 283 1014 cl.
309 954 383 1014 Eur.
404 953 442 1015 ir.
463 955 504 1014 91
525 949 630 1032 Noli,
654 958 691 1016 ut
715 956 843 1016 correxi
865 956 975 1017 locum
998 957 1288 1032 corruptissimum
1308 957 1421 1018 Exere.
1443 958 1513 1018 crit.

237 1070 267 1130 p.
291 1056 333 1116 33
357 1052 491 1133 ἅτρίιιεια
513 1052 545 1115 δὲ
566 1052 571 1130 Ι
592 1052 712 1134 ἄριστον
735 1053 845 1137 ἀνδρὸς
869 1055 962 1117 ὅπλον
986 1055 1106 1117 ἐνδίκου
1129 1055 1218 1117 πέλει.

191 1156 243 1217 Fr.
268 1159 320 1218 34.
356 1158 450 1233 Apud
486 1158 693 1219 Athenaeum
730 1174 773 1219 ex
804 1158 879 1219 aliis
908 1160 989 1220 locis
1019 1159 1067 1220 Bl.
1100 1159 1233 1235 corrigit
1263 1155 1373 1237 ὄρμενα
1397 1158 1432 1219 τὰ
1456 1177 1514 1236 pro

235 1257 362 1336 ὄρμενον
390 1258 456 1337 τὸν,
486 1260 543 1320 sed
574 1260 689 1322 eodem
713 1260 783 1322 lure
814 1261 921 1335 possis
944 1259 977 1320 τὸ
999 1294 1038 1304 -
1060 1258 1229 1338 {teviants
1253 1263 1323 1330 (aut
1345 1257 1512 1339 ἐξανθημοι

237 1377 294 1437 pro
316 1362 368 1422 τὸν
389 1396 429 1408 ·-
454 1360 650 1439 ἐξηνθηκότα.

190 1463 241 1524 Fr.
267 1465 319 1525 35.
355 1464 486 1540 Optime
517 1464 618 1526 Cobet
648 1461 753 1542 τέχνην
783 1480 841 1541 pro
864 1464 976 1543 ψυχήν.
1008 1466 1145 1528 Tirones
1168 1466 1322 1527 monendi
1345 1463 1450 1545 τέχνην
1474 1467 1513 1528 de

234 1581 323 1627 more
347 1566 467 1628 abiisse
489 1567 523 1626 in
547 1567 650 1645 τύχην,
674 1567 748 1642 hoc,
771 1570 808 1628 ut
826 1569 912 1628 solet
932 1583 1022 1630 error
1040 1584 1185 1630 errorem
1204 1583 1333 1644 parere,
1355 1568 1388 1629 in
1401 1569 1512 1647 ψυχήν.

233 1667 394 1742 Perpetua
416 1669 449 1728 in
474 1669 525 1729 his
548 1672 667 1744 regnat
689 1669 847 1730 confusio.

189 1867 389 1937 Philetaeri
413 1870 661 1949 11.1,1.ἐνίπιε
686 1874 738 1935 vel
761 1870 862 1933 ἐπίπιε
886 1873 976 1943 (illud
996 1878 1084 1935 certe
1101 1874 1230 1942 meliust
1252 1875 1315 1950 Bl.,
1341 1877 1398 1936 sed
1422 1892 1509 1937 enar·

233 1974 377 2049 geticum
389 1971 529 2051 ἐνέσεισε,
543 1975 696 2050 quamvis
708 1991 793 2036 nove
802 1975 941 2051 dictum,
957 1992 1020 2037 non
1034 1976 1279 2037 sollicitandum
1292 1977 1431 2058 videtur,
1440 1979 1511 2039 sive

232 2085 270 2156 τρι
289 2073 410 2152 στόματι
428 2081 667 2154 praecesserat,
687 2079 759 2139 sive
778 2078 991 2153 cogitandum
1005 2082 1066 2140 est.
1081 2079 1115 2139 Sl
1127 2081 1200 2154 quis
1212 2079 1349 2141 verbum
1363 2081 1508 2142 medium

231 2179 381 2255 requirit,
423 2180 545 2256 possit:
591 2177 736 2256 μεστὴν
777 2174 984 2240 ἐνεσείσαί
1021 2179 1088 2240 ἴσον
1130 2180 1184 2265 ἴσῳ
1214 2182 1436 2257 μετανιπτρίδα.
1475 2184 1508 2243 Si

231 2277 366 2340 ὑπειπὼν
388 2296 507 2342 sanum
531 2284 583 2342 est
609 2279 750 2351 (ἐπειπὼν
775 2282 930 2359 Schwh.),
955 2281 1131 2360 significat,
1156 2285 1193 2343 ut
1212 2299 1324 2359 saepe,
1348 2285 1508 2361 προειπών.

188 2382 239 2443 Fr.
265 2383 340 2458 8,1.
365 2382 523 2458 Proposui
546 2383 676 2462 τροχάου
692 2377 746 2462 ’γὼ
766 2400 824 2461 pro
844 2385 989 2462 τροχάζω,
1009 2385 1118 2446 deleto
1137 2388 1185 2455 (ut
1205 2385 1295 2456 olim)
1317 2388 1398 2446 vs.3
1419 2384 1508 2465 ὑπερ-

231 2484 347 2562 δραμῶ,
371 2488 408 2545 ut
431 2499 448 2545 e
472 2500 520 2546 vs.
546 2486 564 2544 2
595 2468 748 2546 audiatur
777 2484 949 2564 ὑπερβαλῶ,
970 2488 1029 2547 sed
1053 2489 1141 2547 recte
1164 2487 1226 2547 hoc
1248 2502 1347 2547 sensu
1371 2488 1506 2549 verbum

230 2587 377 2649 medium
401 2587 540 2647 atticum
565 2602 637 2647 esse
662 2588 791 2648 monuit
814 2587 862 2648 Bl.
894 2588 960 2649 Nec
989 2592 1102 2649 tamen
1127 2585 1288 2666 ὑπερπονῶ
1311 2592 1345 2649 et
1367 2587 1507 2667 ὑπερθίυ

229 2689 352 2765 (Koch),
377 2686 540 2767 ὑπερφογῶ
553 2691 572 2759 (1
581 2691 614 2765 Ι),
639 2686 809 2764 laterculo
829 2690 900 2759 (Bi.)
924 2690 1107 2766 probabiles
1131 2693 1208 2751 sunt
1232 2690 1447 2752 coniecturae.
1474 2692 1507 2751 Si

230 2805 307 2853 vere
330 2792 454 2853 conieci
477 2790 607 2869 τροχάσω
628 2785 697 2870 ’γὼ,
718 2805 784 2852 non
806 2792 894 2853 male
920 2808 968 2853 vs.
994 2793 1012 2852 2
1037 2807 1085 2867 sq.
1110 2792 1335 2869 rescripseris:

439 2891 492 2952 τὸν
517 2890 653 2969 Ταυρέαν
677 2887 708 2953 δ’
733 2890 1038 2972 ὑπερβαίοῦμαι
1060 2897 1121 2964 τοῖς
1144 2891 1264 2969 πόνοις,

438 2991 490 3054 τὸν
518 2995 650 3070 Κτησίαν
673 3016 702 3054 τε
724 3004 764 3076 τῷ
789 2999 907 3072 φαγεῖν.

225 3094 280 3156 Vs.
305 3097 331 3156 l.
357 3096 528 3170 Synizesin
548 3098 683 3157 comicis
703 3096 927 3157 abiudicantes
945 3095 1084 3156 Diodori
1101 3095 1154 3179 δῇ,
1173 3097 1321 3158 Mainake
1340 3094 1396 3156 nilo
1417 3096 1421 3170 l
1444 3097 1507 3182 δέῃ,

224 3199 322 3259 scribi
344 3198 469 3259 iubent.
493 3200 538 3259 At
567 3198 607 3259 ci.
632 3199 798 3273 Eupolidis
829 3214 952 3260 novum
975 3198 1014 3260 ir.
1038 3199 1072 3258 in
1097 3199 1282 3260 Philetaero
1306 3200 1379 3261 Vat.
1408 3201 1503 3269 (Men.

228 3299 331 3361 Rhen.
359 3300 454 3375 1888,
479 3302 569 3377 414),
595 3300 649 3362 ubi
672 3299 821 3378 κεραμέως
845 3305 897 3362 est
920 3301 1154 3375 trisyllabum..

183 3400 235 3462 Fr.
259 3406 289 3478 4,
315 3404 344 3462 3.
381 3404 414 3462 Si
443 3406 532 3465 recte
563 3403 722 3463 traditum
750 3406 803 3463 est
832 3401 871 3479 νὴ
895 3404 1001 3473 (Mein.
1025 3401 1076 3479 μὰ)
1102 3403 1175 3477 Δία,
1202 3403 1384 3478 potiussic
1408 3405 1502 3465 inter-

227 3506 408 3579 pungatllr:
433 3503 616 3582 Κανθάρου,
639 3512 779 3582 πενιχροῦ
802 3504 885 3565 πάνυ
908 3500 966 3564 ἀλλ’
994 3503 1030 3564 οὐ
1054 3503 1219 3582 τυράννου,
1242 3501 1280 3580 νὴ
1305 3505 1378 3579 Δία,
1401 3521 1442 3566 ne
1465 3504 1503 3583 νὴ

229 3604 286 3663 Δία
318 3608 410 3667 coeat
440 3622 515 3667 cum
545 3607 729 3682 negatione.
762 3607 836 3667 Alia
859 3607 947 3666 enim
977 3610 1029 3667 est
1050 3605 1172 3680 Diphili
1195 3606 1233 3666 ir.
1259 3606 1311 3680 32,
1338 3608 1392 3681 25,
1418 3608 1502 3679 quod

226 3706 385 3768 Meinekio
420 3707 538 3769 obiecit
572 3707 677 3782 Koch,
698 3694 811 3784 ratio,
846 3707 902 3768 ubi
938 3709 1018 3769 haec
1052 3707 1195 3767 formula
1224 3708 1401 3783 antecedit,
1437 3724 1502 3768 non

225 3810 374 3884 sequitur
395 3810 619 3884 negationem,
644 3812 682 3869 ut
706 3810 788 3871 vidit
809 3811 912 3870 etiam
935 3810 984 3870 Bl.
1103 3874 1106 3877 ,

182 3909 234 3971 Fr.
259 3913 289 3984 5,
317 3914 344 3972 1.
368 3910 506 3990 τακερόν,
529 3915 661 3988 putre.
686 3911 733 3973 cf.
752 3912 830 3972 Hor.
851 3927 951 3973 carm.
972 3912 1056 3985 136,
1075 3912 1125 3970 17.
1144 3910 1212 3971 Nos
1235 3911 1499 3987 smachtend,

223 4014 444 4074 smeltend.
466 4014 579 4075 Moneo
596 4018 728 4089 propter
739 4014 951 4075 temerariam
965 4013 1131 4087 Blaydesii
1144 4013 1366 4073 coniecturam
1379 4010 1500 4092 dyevo'v.

181 4113 232 4175 Fr.
257 4116 287 4191 7,
313 4116 332 4175 2
356 4119 389 4176 et
413 4120 441 4191 9,
467 4118 486 4176 5
511 4117 717 4176 coniecturas
740 4130 847 4190 meas,
871 4116 1084 4190 impugnatae
1108 4130 1127 4175 a
1150 4114 1287 4190 Kockio,
1313 4115 1428 4189 probat
1451 4114 1499 4175 Bl.

224 4233 254 4292 p.
281 4218 354 4278 139.
385 4219 569 4279 Posteriora
600 4218 671 4278 loco
695 4233 752 4292 per
774 4233 810 4278 se
837 4217 969 4291 quidem
995 4215 1129 4290 vulgata
1151 4216 1248 4276 lectio
1271 4216 1412 4275 fortasse
1435 4230 1498 4275 non

224 4320 319 4394 plane
343 4326 432 4380 caret
456 4318 630 4393 exemplis,
656 4320 714 4380 sed
738 4335 855 4394 parum
879 4318 1045 4393 probabile
1064 4323 1118 4378 est
1136 4322 1267 4392 poetam
1288 4317 1499 4391 permittente

224 4423 329 4482 metro
352 4436 372 4481 a
394 4421 521 4494 vulgari
545 4421 706 4481 scribendi
731 4437 793 4481 usu
816 4420 1007 4481 descivisse.
1031 4454 1068 4463 -
1095 4419 1151 4480 Vs.
1176 4421 1207 4480 6.
1231 4419 1301 4478 Non
1326 4418 1419 4479 video
1443 4434 1500 4479 cur

223 4519 260 4582 οὐ
283 4519 356 4601 λέγω
391 4523 441 4592 (ci.
466 4524 484 4583 7
510 4526 623 4591 σιωπῶ)
651 4537 726 4582 cum
749 4521 873 4582 Kockio
897 4525 1068 4581 mutemus
1091 4521 1124 4580 in
1148 4527 1208 4579 ποῦ
1231 4516 1319 4598 λέγος
1342 4535 1402 4579 nec
1422 4520 1452 4595 7,
1479 4522 1498 4578 6

222 4624 304 4684 πάνυ
327 4640 402 4685 cum
427 4624 474 4684 Bl.
499 4625 657 4684 mutarim
682 4624 713 4684 in
738 4623 831 4697 πολύ,
854 4625 914 4683 aut
936 4623 967 4699 9,
993 4624 1012 4681 2
1038 4619 1133 4698 ἀηδής
1157 4623 1191 4681 in
1216 4619 1365 4696 δυσειδής.

178 4725 229 4785 Fr.
256 4727 306 4787 11.
342 4725 546 4787 coniecturis
580 4726 671 4786 addit
694 4724 743 4785 Bl.
778 4724 871 4802 πόρος
906 4727 964 4784 aut
997 4722 1092 4802 λόγος.
1123 4723 1203 4798 Quid
1234 4720 1327 4799 πόρος
1357 4721 1409 4781 hic
1434 4720 1497 4781 sibi

222 4827 314 4904 velit,
339 4828 436 4903 plane
458 4843 512 4889 me
535 4826 628 4888 latet.
652 4826 773 4888 Veram
802 4826 898 4887 lectio
922 4826 1068 4887 nondum
1092 4825 1228 4885 inventa
1251 4824 1390 4884 videtur.
1416 4822 1495 4882 Cum

221 4929 344 4990 Kockio
367 4932 558 5004 suspectum
582 4928 685 4989 babeo
708 4925 943 5007 ἀμπαίίνορρος,
966 4927 1042 4988 licet
1065 4925 1242 4987 dissentiat
1264 4925 1312 4985 Bl.
