3502 5512
810 387 851 446 83

216 580 342 642 lecticis
372 582 520 655 revocat,
553 579 664 640 minus
695 578 777 639 alios
808 577 953 638 audire
980 593 1080 653 quam
1104 580 1174 654 ipse
1199 582 1357 659 dicere,
1383 583 1494 658 ltaque

215 683 296 744 nihil
320 683 430 758 aptius
453 683 511 742 aut
530 682 638 743 lenius
661 679 773 755 reponi
796 682 915 753 potest.
932 713 969 723 -
984 680 1040 740 Vs.
1066 683 1163 743 5-7.
1189 683 1251 745 'Fer
1274 684 1345 761 lege
1368 697 1493 765 μκμ>-

217 807 298 846 νετατ
321 789 355 847 et
379 801 427 846 VS.
453 787 473 846 6
497 781 751 863 χκγ>νόμενον

172 887 224 948 Fr.
252 888 324 963 123,
349 887 369 946 3
401 887 524 947 rectius
548 884 672 946 Kockio
694 883 743 944 Bl.
769 881 814 942 ὅτε
838 879 872 941 δὲ
894 879 1066 960 προστάξειε
1089 906 1124 943 τι.
1152 918 1190 928 -
1220 886 1276 948 Vs.
1303 889 1333 948 6.
1360 883 1494 947 οὐδέποτ’

216 985 255 1048 ἂν
278 985 371 1048 αὐτὸν
395 987 446 1047 vel
470 980 604 1046 οὐδέποτ’
629 983 744 1045 ἐκεῖνον
768 985 869 1059 idem,
895 984 990 1059 quale
1015 985 1091 1058 quid
1114 1001 1195 1047 sane
1215 989 1401 1065 requiritur,
1422 1005 1497 1050 neu·

217 1092 343 1166 tiquam
369 1090 456 1151 enim
480 1089 646 1149 satisfacit
671 1089 802 1161 recepta
825 1086 964 1146 Dobraei
988 1088 1185 1149 coniectura.

174 1192 225 1252 Fr.
253 1193 393 1268 124,10.
415 1190 502 1250 Sana
520 1195 573 1251 est
590 1191 698 1250 lectio.
719 1190 893 1264 Perperam
915 1188 963 1250 Bl.
984 1186 1039 1265 μέν
1058 1210 1090 1268 με
1111 1189 1148 1267 δή
1163 1184 1236 1266 ἀει,
1257 1190 1312 1265 qul
1332 1206 1381 1251 vs.
1399 1193 1437 1251 12
1451 1188 1499 1251 tul

217 1308 274 1369 pro
305 1290 337 1352 ἐν
368 1292 483 1352 scribit
514 1307 645 1353 mecum
669 1294 702 1353 et
732 1307 781 1352 vs.
809 1293 848 1352 15
881 1290 1006 1366 optime
1030 1291 1118 1351 delet
1141 1295 1310 1367 punctum.
1336 1293 1497 1355 Graecum

218 1409 282 1455 non
317 1397 369 1455 est
403 1386 460 1470 ἆρα
494 1393 697 1454 sententiam
733 1393 864 1453 ordiens
899 1392 970 1452 sine
1000 1393 1272 1469 interrogatione,
1306 1409 1372 1468 qna
1402 1394 1434 1455 in
1466 1410 1501 1455 re

218 1498 374 1570 perpetuo
397 1495 523 1556 fallitur
545 1493 651 1570 Kock,
676 1509 782 1568 neque
803 1509 879 1554 vero
898 1493 1150 1568 interrogationi
1169 1494 1279 1555 locum
1300 1510 1373 1555 esse
1393 1496 1502 1572 arguit

219 1594 257 1672 νὴ
282 1595 349 1665 Δία.

174 1696 224 1757 Fr.
252 1697 325 1772 125,
340 1697 369 1757 2.
394 1699 494 1759 Recte
517 1713 554 1757 se
577 1697 677 1757 habet
699 1693 749 1754 ael
772 1704 844 1772 νῦν,
865 1698 902 1756 ut
925 1696 977 1757 vel
1001 1695 1119 1771 probat
1142 1698 1264 1757 citatus
1288 1698 1328 1758 ab
1355 1699 1426 1773 ipso
1450 1699 1498 1759 Bl.

217 1797 314 1873 Vesp.
339 1814 389 1859 vs.
416 1800 491 1860 503.
515 1799 563 1859 Bl.
588 1819 620 1876 με
644 1805 701 1856 νῦν
724 1799 782 1858 aut
806 1796 891 1871 νυνί,
914 1800 972 1858 aut
996 1791 1120 1877 κήρυγμ’
1156 1796 1233 1858 ὅπου
1264 1820 1296 1878 με
1318 1806 1385 1858 νῦν.
1409 1800 1500 1861 Ferri

217 1898 359 1960 fortasse
393 1904 522 1974 poterat
555 1894 679 1979 κήρυγμ’
717 1899 866 1978 (κήρυγμα
906 1899 1077 1968 traditum)
1113 1897 1190 1960 ὅπου
1225 1897 1289 1959 καὶ
1323 1908 1410 1978 νῦν,
1442 1901 1500 1962 sed

219 2000 330 2060 minus
353 2000 461 2075 placet
484 2000 622 2079 κήρυγμα
645 1997 833 2080 κεκραγέναι,
859 2015 956 2074 quam
981 2000 1152 2078 κηρύττειν,
1175 2003 1286 2076 itaque
1311 2017 1386 2063 vere
1409 2002 1501 2081 κηρύ-

113 2146 117 2155 .
217 2095 307 2180 μμαθι
334 2101 530 2163 emendasse
554 2103 685 2163 videtur
708 2100 864 2162 Meineks.

176 2203 227 2263 Fr.
255 2203 328 2279 126,
354 2204 383 2262 3.
409 2203 457 2263 Bl.
483 2204 580 2264 malit
602 2198 625 2283 μ’
652 2219 710 2278 pro
734 2198 774 2264 δ’.
802 2237 837 2246 --
866 2202 922 2262 Vs.
953 2204 973 2263 4
1002 2203 1068 2273 (ubi
1092 2204 1319 2266 infelicissime
1344 2201 1500 2265 ἀπείθισεν

220 2305 360 2366 coniecit
390 2305 492 2376 Kock)
524 2306 729 2381 corrigebam
760 2303 878 2382 ἀπεῖρξε
907 2300 1013 2381 <μὲν>
1044 2304 1076 2364 τὸ
1099 2307 1176 2389 ζῷον
1206 2306 1349 2384 (αὕτη),
1379 2307 1448 2379 τοὺς
1468 2303 1500 2367 el

220 2404 294 2484 βοῦς
317 2402 493 2485 ἠνάγκασεν.
518 2408 629 2468 Possis
651 2407 793 2468 sortasse
817 2407 918 2467 etiam
944 2422 1018 2467 cum
1043 2406 1100 2466 illo
1124 2405 1196 2466 ὥστε
1223 2402 1359 2470 (τοῦτ’)
1383 2405 1500 2486 ἀπεῖρξε

220 2512 418 2586 σκατοφαγεῖν
442 2507 474 2568 τὸ
498 2509 573 2591 ζῷον
600 2505 719 2584 (ἀεί),
740 2505 811 2583 παῖ,
839 2509 898 2569 sed
922 2523 997 2569 cum
1021 2508 1196 2569 violentior
1219 2512 1272 2570 est
1296 2510 1377 2570 haec
1399 2512 1498 2585 ratio,

219 2611 292 2670 tum
323 2606 377 2686 μέν
400 2611 433 2670 in
464 2610 526 2670 hac
549 2611 752 2686 oppositione
784 2626 881 2686 aegre
905 2610 1120 2670 desideratur.
1145 2609 1225 2685 Quia
1249 2614 1362 2672 tamen
1387 2627 1500 2686 prono·

221 2725 296 2771 men
331 2711 631 2772 demonstrativum
668 2712 815 2772 additum
846 2712 1058 2771 substantivo
1088 2733 1111 2768 r.
1147 2713 1222 2794 ζῷον
1253 2713 1360 2787 placet
1393 2713 1501 2788 magis

221 2827 319 2886 oriam
344 2813 377 2872 in
399 2829 476 2874 mea
499 2814 688 2874 coniectura
711 2813 827 2874 inutile
851 2812 941 2889 αὕτη,
964 2812 1058 2872 hodie
1082 2814 1299 2874 correxerim:

888 2911 1007 2991 ἀπεῖρξε
1035 2909 1149 2990 <μὲν>

443 3014 486 3075 τὰ
510 3018 582 3101 ζῷα
613 3025 775 3092 (ταῦτα),
797 3017 868 3088 τοὺς
892 3013 925 3077 δὲ
948 3018 1023 3097 βοῦς
1047 3014 1217 3095 ἠνάγκασεν

221 3117 273 3176 cui
306 3116 425 3191 plurali
460 3134 598 3179 numero
632 3119 721 3179 iavet
752 3122 822 3179 tarn
853 3123 916 3190 ταῖς
949 3117 1017 3178 ὑσίν
1041 3124 1102 3189 (vs.
1127 3120 1158 3187 3)
1190 3133 1288 3191 quam
1313 3120 1500 3194 oppositum

220 3217 290 3289 τοὺς
313 3219 396 3296 βοῦς.
429 3220 463 3281 0.
489 3219 625 3282 Orosius
654 3222 842 3296 suspicatur
873 3236 953 3281 voce
976 3220 1106 3281 boves
1130 3221 1220 3295 ipsos
1247 3219 1385 3294 cyprios
1408 3220 1501 3280 innui

222 3334 242 3380 a
275 3324 385 3397 poeta,
421 3321 551 3382 collatis
587 3321 781 3396 Diogeniani
809 3337 892 3396 qnos
928 3323 1009 3382 citat
1043 3321 1134 3382 Koclr
1171 3321 1265 3396 locis,
1302 3321 1353 3380 cui
1388 3322 1499 3382 tamen

221 3422 400 3495 suspicioni
423 3438 487 3482 non
511 3423 601 3483 iavet
624 3423 721 3482 Plinii
745 3423 836 3484 locus
859 3425 944 3498 apud
968 3424 1120 3485 eundem.

178 3521 229 3582 Fr.
256 3522 328 3582 127.
354 3524 460 3584 Meam
486 3525 708 3585 coniecturam
732 3525 849 3599 probat
872 3525 920 3585 Bl.

178 3622 230 3682 Fr.
257 3624 330 3685 128.
354 3624 529 3699 Ingeniosa
552 3625 657 3685 Kock:

423 3723 615 3784 Εὔθυνον
643 3722 780 3800 cibor>
808 3719 1086 3796 ἀπολοπίζοντ’
1113 3723 1224 3784 αὐτόθι

421 3826 547 3904 χρηστόν
570 3826 610 3901 τί,
635 3824 869 3903 Παρμένων,
892 3824 1032 3886 κέλευσόν
1052 3849 1118 3903 μοι
1142 3829 1246 3903 τεμεῖν.

223 3926 284 3988 Sed
315 3928 432 3988 haereo
464 3929 498 3987 in
525 3927 635 3988 inutili
665 3927 788 4003 αὐτόθι,
818 3944 923 4002 neque
953 3927 1109 4003 intellego
1133 3943 1190 3987 cur
1214 3928 1337 3987 librarii
1362 3927 1501 3987 traditos

222 4029 429 4089 accusativos
452 4031 485 4089 in
504 4031 729 4091 nominativos
749 4029 916 4091 relinctnri
936 4030 1067 4090 inerint.
1088 4029 1199 4089 Malim
1219 4028 1320 4103 igitur
1339 4028 1500 4103 fragmen·

222 4133 294 4191 tum
318 4130 366 4191 ita
389 4132 607 4193 constituere:

445 4229 543 4290 ἐλθών
567 4254 596 4292 τε
619 4232 694 4312 πρὸς
718 4232 769 4293 τὸν
792 4233 1002 4312 τεμαχοπώλην
1025 4231 1180 4308 περίμενε,

445 4327 512 4410 παρ’
539 4326 574 4393 οὗ
599 4333 700 4412 φέρειν
724 4335 828 4395 εἴωθα·
852 4332 909 4393 κᾶν
933 4331 1089 4412 ἀγαθὸν
1111 4338 1178 4407 (pro
1202 4331 1290 4402 cliro)
1315 4331 1388 4412 τύχῃ

447 4433 593 4506 Εὔθυνος
620 4433 759 4509 <ὄψον>
786 4434 989 4511 ἀπολοπίζων,
1012 4432 1188 4494 αὐτόθεν

445 4536 571 4614 χρηστόν
594 4559 634 4611 τι,
659 4535 888 4619 Παρμένων,
913 4535 1052 4597 κέλευσόν
1076 4559 1142 4612 μοι
1166 4539 1271 4611 τεμεῖν.

222 4638 304 4700 Frus
333 4653 431 4699 servo
463 4639 658 4698 Parmenoni
692 4639 829 4700 mandat
860 4643 896 4700 ut
927 4639 1118 4712 nutnynum
1149 4635 1200 4695 τὸν
1224 4633 1451 4713 τεμαχοπώλην,
1474 4633 1503 4693 si

220 4738 304 4800 forte
327 4741 476 4800 bonum
502 4739 619 4799 viderit
643 4741 766 4814 piscem
791 4741 1079 4814 desquamantem,
1112 4739 1239 4798 lautam
1264 4738 1360 4797 inde
1385 4736 1502 4812 portio·

222 4854 299 4900 nem
319 4838 463 4918 (τέμαχος)
483 4841 546 4900 sibi
566 4845 642 4911 (ero)
663 4841 853 4902 abscindere
874 4840 993 4901 iubeat.
1014 4840 1085 4900 Non
1105 4854 1221 4900 omnes
1240 4839 1381 4913 piscium
1394 4841 1504 4914 partes

223 4955 325 5015 aeque
348 4942 506 5002 delicatas
530 4957 603 5002 esse
628 4957 689 5002 usu
711 4945 875 5005 novimus.
899 4942 950 5002 lta
972 4941 1093 5002 saltem
1117 4941 1206 5002 clara
1228 4941 1307 4999 sunt
1330 4938 1451 4999 omnia.
