3502 5512
879 350 921 414 68

238 540 289 601 Tr.
315 541 367 600 69.
393 537 453 599 Ost.
479 538 527 598 Bt.
560 537 599 597 de
634 536 805 612 proverbio
840 536 963 597 Cratini
993 536 1031 595 fr.
1060 537 1110 596 16.
1142 533 1262 608 Tangit
1291 532 1393 593 etiam
1424 529 1562 590 Plautus

284 642 315 712 (i.
340 657 368 701 e.
392 640 576 710 Philemon)
601 640 732 701 Mercat.
757 641 862 701 309R

372 743 506 802 Senex
529 755 649 816 quom
674 742 885 818 extemplo
910 742 992 801 iam
1016 755 1091 800 nec
1114 738 1252 799 sentit
1275 753 1349 798 nec
1371 736 1504 811 sapit,

372 845 502 904 Aiunt
525 843 666 903 solere
691 859 781 903 eum
806 858 948 903 rusum
973 855 1289 917 repuerascere.

237 948 289 1007 Fr.
314 947 366 1007 70.
392 943 448 1005 οὐκ
471 941 593 1022 ἐκφορά.
617 943 663 1005 Oi.
688 959 772 1018 quae
795 946 913 1019 scripsi
935 945 969 1004 in
992 944 1098 1004 lexico
1122 957 1196 1002 meo
1219 940 1421 1017 suppletorio
1445 941 1479 998 et
1497 937 1561 997 dia·

281 1047 397 1107 lectico
420 1061 446 1106 s.
461 1060 491 1106 v,
516 1041 659 1122 ἀποφουά
686 1048 720 1105 et
743 1046 776 1104 in
800 1045 997 1121 Appendice.

238 1148 290 1208 Fr.
314 1148 367 1207 73.
392 1147 440 1206 Bi.
469 1141 515 1207 <d
538 1144 594 1225 γὰρ
621 1146 672 1207 vel
696 1142 712 1206 ὅ
737 1140 798 1208 δ’>
827 1146 1049 1224 αἵμασιολογεῑν
1072 1141 1129 1204 κτὲ.
1161 1144 1278 1220 Quidni
1305 1135 1446 1204 <dibi
1470 1138 1563 1200 Talia

283 1248 415 1309 restitui
438 1250 614 1322 nequeunt.

238 1351 290 1410 Fr.
316 1352 367 1411 75.
392 1350 441 1411 Bl.
464 1347 611 1409 δεσπότου
635 1345 829 1408 πενέσται.
858 1350 1054 1424 Suspectum
1086 1350 1139 1409 est
1161 1342 1252 1426 ῥυσὰ,
1273 1346 1330 1407 sed
1353 1359 1471 1421 parum
1494 1358 1563 1418 pro·

284 1450 405 1510 babilla
428 1467 511 1525 quae
535 1451 675 1511 coniecit
698 1448 786 1510 πιστὰ
811 1454 844 1511 et
868 1450 961 1511 δόλια.

239 1552 291 1611 Fr.
317 1553 369 1612 78.
394 1550 475 1613 Poll.
500 1551 531 1610 ΙΙ
553 1552 593 1611 18
617 1547 666 1609 καὶ
685 1556 789 1629 γραῖα,
808 1548 858 1609 καὶ
874 1548 913 1622 ὡς
936 1549 1113 1626 Θεόπομπος
1134 1546 1310 1626 ὁκωμικός,
1333 1546 1565 1627 πρεσβῦτις,

283 1651 486 1727 φίλοινος,
509 1652 679 1729 μεθύση,
702 1652 935 1731 οἰνοκάχλη,
960 1651 1115 1729 κοχώνη
1138 1649 1312 1728 (οἰνομάχλη
1336 1649 1470 1729 κοχλώνη
1489 1650 1539 1718 Α).

328 1753 442 1815 Deleto
466 1757 503 1815 ut
525 1754 726 1829 glossemate
749 1754 885 1829 φίλοινος
909 1766 991 1815 cum·
1008 1754 1145 1830 Kockio,
1170 1754 1295 1828 possis:

472 1857 632 1934 πρεσβῦσος
657 1853 721 1932 (ἥδε
745 1856 796 1916 vel
820 1853 896 1926 ἐστί)
920 1853 1069 1934 μέθυσος,
1094 1854 1256 1933 οἰνομᾶχλη
1279 1842 1341 1915 υ-”·

474 1942 536 2017 υἱ
560 1957 727 2034 κοχώνηΐῖ)

283 2056 403 2116 Ultimi
424 2057 573 2117 vocabuli
592 2058 704 2133 procul
735 2058 833 2119 dubio
857 2059 1000 2133 corrupti
1024 2059 1151 2118 incerta
1170 2059 1300 2132 quidem
1322 2059 1373 2117 est
1393 2056 1566 2136 correctio,

284 2159 431 2218 maxime
455 2160 568 2219 tamen
600 2159 681 2219 mihi
713 2160 920 2220 abblanditur
950 2160 1075 2220 Kuhnii
1099 2160 1182 2221 coni.
1204 2159 1301 2236 χώυη,
1330 2171 1413 2232 quae
1437 2157 1466 2217 si
1489 2171 1567 2216 vera

282 2261 348 2336 est,
381 2259 421 2320 ab
452 2260 513 2321 boc
544 2262 665 2336 incepit
695 2262 781 2323 alter
812 2262 1011 2335 versiculus;
1036 2262 1125 2337 prior
1148 2260 1235 2321 finiri
1257 2262 1366 2337 potuit
1389 2276 1420 2319 ν.
1435 2275 1461 2320 c.
1487 2273 1566 2319 voce

284 2360 391 2437 κάδος,
414 2362 459 2434 si,
485 2366 521 2423 ut
546 2364 641 2424 hodie
668 2364 828 2438 solemus,
863 2379 936 2424 vas
971 2364 1183 2423 vinarium
1207 2362 1367 2422 eiusmodi
1391 2360 1566 2420 mulierem

286 2464 417 2523 vocavit
448 2467 559 2539 poeta,
592 2466 872 2539 quomadmodum
903 2463 993 2536 οἰσκός
1018 2465 1190 2541 usurpavit
1221 2464 1426 2538 Antiphanes
1449 2462 1488 2522 fr.
1516 2463 1566 2521 19.

286 2565 420 2624 scatent
439 2567 551 2625 autem
573 2568 689 2626 comici
709 2567 823 2627 Graeci
843 2570 876 2627 et
896 2567 1003 2626 Latini
1018 2567 1099 2627 locis
1112 2566 1151 2627 de
1163 2566 1355 2640 mulierum,
1380 2562 1568 2625 vetularum

286 2666 462 2740 imprimis
488 2667 697 2743 temulentia,
724 2669 808 2742 quod
826 2669 946 2728 vitium
965 2669 1160 2743 procedente
1181 2670 1291 2728 aetate
1314 2667 1452 2741 gliscere
1472 2664 1567 2725 solet.

241 2770 291 2829 Tr.
317 2769 369 2827 80.
394 2768 639 2829 inconsiderate
659 2770 707 2829 Bl.
728 2771 862 2844 opponit
881 2769 1019 2829 Nauckii
1040 2769 1233 2830 correctioni
1250 2764 1412 2845 ὀρυοθείων
1427 2766 1567 2842 λεκάνην,

285 2869 369 2944 quod
393 2883 432 2929 ea
455 2869 555 2930 verba
579 2871 612 2928 in
643 2873 796 2930 trimetro
820 2870 929 2930 locum
954 2870 1074 2931 habere
1098 2885 1162 2930 non
1186 2873 1332 2944 possent.
1365 2869 1465 2945 Quasi
1487 2881 1566 2927 vero

284 2971 316 3030 in
340 2971 518 3031 comoediis
541 2986 605 3031 non
629 2974 759 3031 extaret
783 2974 927 3032 metrum
952 2972 1216 3046 anapaesticum!

239 3073 290 3134 Fr.
315 3074 367 3134 83.
402 3069 542 3150 ἀνοήλισς
577 3074 715 3146 requirit
749 3073 798 3133 Bl.
830 3074 924 3133 Hanc
954 3089 1035 3134 sane
1065 3074 1210 3134 formam
1241 3074 1378 3134 atticam
1410 3086 1485 3133 esse
1519 3071 1568 3131 ait

283 3175 500 3249 Phrynichus.
526 3174 571 3235 cl.
596 3173 780 3252 ἀπηλιώτης,
803 3173 904 3251 ἔπηλυς
929 3179 990 3235 etc.
1014 3173 1152 3235 Difficile
1175 3178 1288 3236 autem
1308 3177 1341 3235 in
1358 3175 1411 3235 his
1430 3174 1564 3249 glossis,

284 3277 337 3337 ubi
369 3291 499 3336 merum
531 3292 651 3336 nornen
683 3277 914 3351 Theopompus
944 3278 1075 3352 citatur,
1107 3277 1224 3350 ubique
1255 3277 1458 3352 distinguere
1488 3274 1567 3349 quid

282 3377 452 3453 historico,
478 3378 554 3451 quid
578 3380 695 3452 poetae
718 3378 931 3437 tribuendum
956 3378 1011 3438 sit.

239 3478 289 3539 Fr.
314 3480 368 3539 84.
404 3476 629 3555 ἀποδοθήσεται
662 3479 801 3540 coniecit
824 3479 872 3539 Bl.
905 3480 1035 3539 Revera
1058 3475 1292 3555 δαπανηθήσεται
1315 3494 1474 3553 umquam
1503 3479 1568 3539 dici

281 3581 429 3655 potuisse
453 3595 511 3655 pro
534 3580 714 3658 πεπράσεται
739 3596 874 3656 prorsus
898 3579 1096 3640 incredibile.

239 3682 288 3743 Fr.
314 3684 367 3742 95.
392 3682 529 3741 'i'emere
552 3679 824 3761 τονθορυστοὶ
849 3681 897 3741 Bl.
923 3681 969 3740 Cf.
994 3682 1209 3759 ταυθαρύζειν,
1231 3683 1437 3755 τανθαλύζειν.

326 3785 350 3842 E
376 3783 563 3843 Philetaero
588 3783 661 3845 Vat.
687 3784 776 3844 Oohn
802 3785 834 3843 in
860 3784 943 3844 Mus.
968 3783 1072 3843 Rhen.
1102 3785 1185 3843 1888
1216 3800 1247 3858 p.
1272 3786 1338 3844 414
1361 3783 1566 3859 Theopompi

280 3885 478 3959 fragmentis
501 3886 641 3945 addidit:

325 3984 374 4045 καὶ
409 3985 637 4064 ἀμύνεσθαι
672 3983 807 4065 λέγοντες
832 3983 931 4046 οὐκέτι
961 3985 1016 4062 τὴν
1040 3984 1194 4062 ἄμυναν
1230 3984 1440 4066 <λέγουσιν>,
1466 3985 1494 4046 εἰ
1522 3983 1564 4063 μὴ

283 4087 462 4165 Θεόπομπος
486 4086 574 4161 ἅπαξ·
598 4085 664 4147 καὶ
688 4087 790 4166 ἔχειν
815 4089 847 4159 (l.
871 4087 1004 4165 κατέχειν
1029 4092 1087 4149 aut
1109 4085 1242 4166 κᾶχεινῗ)
1266 4086 1436 4165 ἄμυναν,
1466 4087 1565 4167 ὥσπερ

280 4187 330 4248 καὶ
354 4192 524 4267 Σοφοκλῆς.
550 4191 610 4251 cst.
635 4189 792 4262 Aeschyli
817 4190 907 4258 (Poll.
932 4189 993 4248 VII
1017 4192 1069 4259 61)
1094 4190 1260 4268 χειμᾶμυνα
1283 4193 1317 4251 et
1339 4187 1466 4249 εὔθυνα.
1491 4189 1564 4250 Vid.

280 4293 423 4352 Lexicon
448 4308 559 4351 meum
584 4290 689 4366 suppl.
715 4306 742 4350 s.
768 4307 798 4351 v.

238 4491 355 4558 Alcaei
380 4494 418 4553 fr.
447 4498 474 4554 1.
500 4493 548 4553 Bl.
571 4493 626 4553 cst.
647 4492 763 4552 incerti
783 4496 900 4567 poetae
920 4492 1134 4554 hexametros
1154 4495 1238 4569 apud
1258 4495 1377 4555 Athen.
1395 4494 1455 4554 VII
1468 4497 1509 4555 37
1524 4496 1563 4571 A,

279 4598 335 4657 ubi
360 4594 527 4674 ἐφαρμόζου
552 4595 686 4668 corrigit
711 4609 769 4669 pro
794 4590 980 4672 ἐφαρμόζειν.

236 4700 287 4759 Tr.
312 4701 341 4757 8.
366 4695 460 4774 τρέχε,
482 4694 570 4772 geli,
589 4693 644 4753 κτὲ.
664 4710 781 4771 parurn
805 4695 1017 4770 probabiliter
1040 4696 1099 4771 Bl,
1129 4696 1205 4756 licet
1227 4697 1395 4774 πααάχολος
1418 4698 1458 4759 de
1482 4699 1564 4760 vitio

279 4806 470 4875 suspectum
494 4799 549 4857 sit.
575 4796 681 4857 Verbo
705 4797 922 4874 ααοαχολούειν
946 4799 1051 4857 utitur
1071 4798 1246 4872 Gregorius
1266 4800 1344 4859 Ner..
1365 4800 1435 4860 Non
1455 4800 1566 4875 magis

277 4903 442 4964 satisfacit
466 4901 552 4962 mihi
576 4901 676 4961 Koch.
