<?xml version="1.0" encoding="UTF-8"?>
<!DOCTYPE html PUBLIC "-//W3C//DTD XHTML 1.0 Transitional//EN"
    "http://www.w3.org/TR/xhtml1/DTD/xhtml1-transitional.dtd">
<html xmlns="http://www.w3.org/1999/xhtml" xml:lang="en" lang="en">
 <head>
  <title>
</title>
<meta http-equiv="Content-Type" content="text/html;charset=utf-8" />
  <meta name='ocr-system' content='tesseract 3.04.00' />
  <meta name='ocr-capabilities' content='ocr_page ocr_carea ocr_par ocr_line ocrx_word'/>
</head>
<body>
  <div class='ocr_page' id='page_1' title='image "./collectaneacrit00herwgoog_0184.png"; bbox 0 0 3502 5512; ppageno 0'>
   <div class='ocr_carea' id='block_1_1' title="bbox 812 362 874 423">
    <p class='ocr_par' dir='ltr' id='par_1_1' title="bbox 812 362 874 423">
     <span class='ocr_line' id='line_1_1' title="bbox 812 362 874 423; baseline 0 -1"><span class='ocrx_word' id='word_1_1' title='bbox 812 362 874 423; x_wconf 62' lang='lat'>13⁸1</span> 
     </span>
    </p>
   </div>
   <div class='ocr_carea' id='block_1_2' title="bbox 229 543 1505 830">
    <p class='ocr_par' dir='ltr' id='par_1_2' title="bbox 229 543 1505 830">
     <span class='ocr_line' id='line_1_2' title="bbox 230 543 1505 621; baseline 0 -19"><span class='ocrx_word' id='word_1_2' title='bbox 230 543 291 604; x_wconf 89' lang='lat' dir='ltr'>Vll</span> <span class='ocrx_word' id='word_1_3' title='bbox 314 546 345 607; x_wconf 83' lang='grc'>’1.</span> <span class='ocrx_word' id='word_1_4' title='bbox 369 544 431 604; x_wconf 82' lang='lat' dir='ltr'>Sed</span> <span class='ocrx_word' id='word_1_5' title='bbox 454 549 678 621; x_wconf 77' lang='grc' dir='ltr'><strong><em>πτερυγοσσυαι</em></strong></span> <span class='ocrx_word' id='word_1_6' title='bbox 701 549 749 608; x_wconf 88' lang='lat' dir='ltr'>sio</span> <span class='ocrx_word' id='word_1_7' title='bbox 776 546 914 608; x_wconf 83' lang='lat' dir='ltr'>adhibiti</span> <span class='ocrx_word' id='word_1_8' title='bbox 937 548 1052 609; x_wconf 90' lang='lat' dir='ltr'>deesse</span> <span class='ocrx_word' id='word_1_9' title='bbox 1076 546 1204 607; x_wconf 90' lang='lat' dir='ltr'>videtur</span> <span class='ocrx_word' id='word_1_10' title='bbox 1224 543 1424 619; x_wconf 90' lang='lat' dir='ltr'>exemplum,</span> <span class='ocrx_word' id='word_1_11' title='bbox 1445 557 1505 603; x_wconf 86' lang='lat' dir='ltr'>neo</span> 
     </span>
     <span class='ocr_line' id='line_1_3' title="bbox 229 644 1503 727; baseline -0.001 -23"><span class='ocrx_word' id='word_1_12' title='bbox 229 659 309 705; x_wconf 92' lang='lat' dir='ltr'>saue</span> <span class='ocrx_word' id='word_1_13' title='bbox 318 661 417 720; x_wconf 82' lang='lat' dir='ltr'>urgeo</span> <span class='ocrx_word' id='word_1_14' title='bbox 430 644 637 705; x_wconf 82' lang='lat' dir='ltr'>audaciorem</span> <span class='ocrx_word' id='word_1_15' title='bbox 650 650 883 709; x_wconf 87' lang='lat' dir='ltr'>coniecturam.</span> <span class='ocrx_word' id='word_1_16' title='bbox 893 648 939 710; x_wconf 84' lang='lat' dir='ltr'>Gi.</span> <span class='ocrx_word' id='word_1_17' title='bbox 949 651 1061 709; x_wconf 85' lang='lat' dir='ltr'>tamen</span> <span class='ocrx_word' id='word_1_18' title='bbox 1073 648 1254 727; x_wconf 79' lang='grc' dir='ltr'><strong><em>πτερυγίζειν</em></strong></span> <span class='ocrx_word' id='word_1_19' title='bbox 1268 647 1321 705; x_wconf 83' lang='lat' dir='ltr'>Ar.</span> <span class='ocrx_word' id='word_1_20' title='bbox 1331 646 1392 704; x_wconf 87' lang='lat' dir='ltr'>Av.</span> <span class='ocrx_word' id='word_1_21' title='bbox 1406 645 1503 716; x_wconf 79' lang='grc'><strong>1436;</strong></span> 
     </span>
     <span class='ocr_line' id='line_1_4' title="bbox 231 742 1459 830; baseline -0.001 -25"><span class='ocrx_word' id='word_1_22' title='bbox 231 745 314 807; x_wconf 81' lang='lat' dir='ltr'>Plut.</span> <span class='ocrx_word' id='word_1_23' title='bbox 340 748 415 809; x_wconf 77' lang='lat'>575.</span> <span class='ocrx_word' id='word_1_24' title='bbox 443 784 481 794; x_wconf 97' lang='lat'><em>-</em></span> <span class='ocrx_word' id='word_1_25' title='bbox 496 743 551 805; x_wconf 84' lang='lat' dir='ltr'>Vs.</span> <span class='ocrx_word' id='word_1_26' title='bbox 578 749 607 807; x_wconf 87' lang='lat'>4.</span> <span class='ocrx_word' id='word_1_27' title='bbox 632 742 706 830; x_wconf 82' lang='grc' dir='ltr'>κᾷτα</span> <span class='ocrx_word' id='word_1_28' title='bbox 729 748 902 823; x_wconf 80' lang='grc' dir='ltr'><strong><em>κατακόψας</em></strong></span> <span class='ocrx_word' id='word_1_29' title='bbox 925 754 958 811; x_wconf 82' lang='lat' dir='ltr'>et</span> <span class='ocrx_word' id='word_1_30' title='bbox 982 751 1023 819; x_wconf 85' lang='lat'>(5)</span> <span class='ocrx_word' id='word_1_31' title='bbox 1049 747 1228 826; x_wconf 76' lang='grc' dir='ltr'><strong><em>Ἀθηναίους</em></strong></span> <span class='ocrx_word' id='word_1_32' title='bbox 1251 746 1392 823; x_wconf 78' lang='lat' dir='ltr'>praefert</span> <span class='ocrx_word' id='word_1_33' title='bbox 1411 745 1459 805; x_wconf 89' lang='lat' dir='ltr'>Bi.</span> 
     </span>
    </p>
   </div>
   <div class='ocr_carea' id='block_1_3' title="bbox 184 953 1504 1139">
    <p class='ocr_par' dir='ltr' id='par_1_3' title="bbox 184 953 1504 1139">
     <span class='ocr_line' id='line_1_5' title="bbox 184 953 1504 1039; baseline -0.003 -20"><span class='ocrx_word' id='word_1_34' title='bbox 184 953 413 1023; x_wconf 79' lang='lat' dir='ltr'>huesimaehl</span> <span class='ocrx_word' id='word_1_35' title='bbox 436 961 475 1022; x_wconf 85' lang='lat' dir='ltr'>ir.</span> <span class='ocrx_word' id='word_1_36' title='bbox 500 966 530 1039; x_wconf 82' lang='lat'>2,</span> <span class='ocrx_word' id='word_1_37' title='bbox 556 965 585 1023; x_wconf 82' lang='lat'>2.</span> <span class='ocrx_word' id='word_1_38' title='bbox 610 963 658 1023; x_wconf 94' lang='lat' dir='ltr'>Bl.</span> <span class='ocrx_word' id='word_1_39' title='bbox 684 976 741 1036; x_wconf 90' lang='lat' dir='ltr'>pro</span> <span class='ocrx_word' id='word_1_40' title='bbox 765 960 867 1020; x_wconf 78' lang='grc' dir='ltr'><strong><em>δίκαια</em></strong></span> <span class='ocrx_word' id='word_1_41' title='bbox 890 962 1027 1034; x_wconf 79' lang='lat' dir='ltr'>requirit</span> <span class='ocrx_word' id='word_1_42' title='bbox 1047 961 1216 1037; x_wconf 82' lang='lat' dir='ltr'>epitheton</span> <span class='ocrx_word' id='word_1_43' title='bbox 1237 956 1327 1018; x_wconf 85' lang='grc' dir='ltr'><strong><em>λεπτά</em></strong></span> <span class='ocrx_word' id='word_1_44' title='bbox 1348 960 1405 1018; x_wconf 88' lang='lat' dir='ltr'>aut</span> <span class='ocrx_word' id='word_1_45' title='bbox 1424 957 1504 1032; x_wconf 85' lang='grc' dir='ltr'><strong><em>σοφά</em></strong></span> 
     </span>
     <span class='ocr_line' id='line_1_6' title="bbox 227 1057 1504 1139; baseline 0.002 -23"><span class='ocrx_word' id='word_1_46' title='bbox 227 1057 426 1133; x_wconf 82' lang='lat' dir='ltr'>significans.</span> <span class='ocrx_word' id='word_1_47' title='bbox 458 1067 502 1126; x_wconf 88' lang='lat' dir='ltr'>At</span> <span class='ocrx_word' id='word_1_48' title='bbox 531 1068 684 1126; x_wconf 89' lang='lat' dir='ltr'>neutrum</span> <span class='ocrx_word' id='word_1_49' title='bbox 717 1063 871 1123; x_wconf 87' lang='lat' dir='ltr'>convenit</span> <span class='ocrx_word' id='word_1_50' title='bbox 893 1063 1000 1139; x_wconf 90' lang='lat' dir='ltr'>tardo,</span> <span class='ocrx_word' id='word_1_51' title='bbox 1033 1065 1070 1123; x_wconf 93' lang='lat' dir='ltr'>ut</span> <span class='ocrx_word' id='word_1_52' title='bbox 1094 1059 1352 1123; x_wconf 81' lang='lat' dir='ltr'>Atheniensibus</span> <span class='ocrx_word' id='word_1_53' title='bbox 1375 1057 1504 1119; x_wconf 89' lang='lat' dir='ltr'>videba-</span> 
     </span>
    </p>
   </div>
   <div class='ocr_carea' id='block_1_4' title="bbox 226 1160 1370 1341">
    <p class='ocr_par' dir='ltr' id='par_1_4' title="bbox 226 1160 1370 1341">
     <span class='ocr_line' id='line_1_7' title="bbox 226 1160 1156 1240; baseline 0.005 -23"><span class='ocrx_word' id='word_1_54' title='bbox 226 1161 290 1231; x_wconf 85' lang='lat' dir='ltr'>tur,</span> <span class='ocrx_word' id='word_1_55' title='bbox 315 1160 513 1226; x_wconf 85' lang='lat' dir='ltr'>Boeotorum</span> <span class='ocrx_word' id='word_1_56' title='bbox 537 1166 677 1240; x_wconf 83' lang='lat' dir='ltr'>ingeuio.</span> <span class='ocrx_word' id='word_1_57' title='bbox 702 1165 776 1239; x_wconf 91' lang='lat' dir='ltr'>Ipse</span> <span class='ocrx_word' id='word_1_58' title='bbox 799 1163 965 1238; x_wconf 88' lang='lat' dir='ltr'>quondam</span> <span class='ocrx_word' id='word_1_59' title='bbox 988 1163 1156 1239; x_wconf 79' lang='lat' dir='ltr'>proposui:</span> 
     </span>
     <span class='ocr_line' id='line_1_8' title="bbox 316 1255 1370 1341; baseline -0.001 -21"><span class='ocrx_word' id='word_1_60' title='bbox 316 1255 400 1341; x_wconf 85' lang='grc' dir='ltr'><strong><em>ὀλίγα</em></strong></span> <span class='ocrx_word' id='word_1_61' title='bbox 422 1260 476 1339; x_wconf 71' lang='grc' dir='ltr'>μὲν</span> <span class='ocrx_word' id='word_1_62' title='bbox 499 1269 599 1325; x_wconf 84' lang='grc' dir='ltr'><strong><em>λαλῶν</em></strong></span> <span class='ocrx_word' id='word_1_63' title='bbox 624 1299 664 1309; x_wconf 98' lang='grc'>-</span> <span class='ocrx_word' id='word_1_64' title='bbox 687 1266 719 1323; x_wconf 88' lang='grc' dir='ltr'>Β.</span> <span class='ocrx_word' id='word_1_65' title='bbox 754 1264 857 1323; x_wconf 78' lang='grc' dir='ltr'><strong><em>δίκαια</em></strong></span> <span class='ocrx_word' id='word_1_66' title='bbox 880 1267 998 1323; x_wconf 75' lang='grc' dir='ltr'><strong><em>ταῦτα]</em></strong></span> <span class='ocrx_word' id='word_1_67' title='bbox 1019 1269 1054 1323; x_wconf 90' lang='lat' dir='ltr'>A.</span> <span class='ocrx_word' id='word_1_68' title='bbox 1078 1261 1172 1323; x_wconf 79' lang='grc' dir='ltr'><strong><em>πολλὰ</em></strong></span> <span class='ocrx_word' id='word_1_69' title='bbox 1196 1256 1222 1322; x_wconf 78' lang='grc' dir='ltr'>δ’</span> <span class='ocrx_word' id='word_1_70' title='bbox 1250 1259 1370 1321; x_wconf 75' lang='grc' dir='ltr'><strong><em>ἐσθίων.</em></strong></span> 
     </span>
    </p>
   </div>
   <div class='ocr_carea' id='block_1_5' title="bbox 182 1358 1242 1652">
    <p class='ocr_par' dir='ltr' id='par_1_5' title="bbox 182 1358 1242 1652">
     <span class='ocr_line' id='line_1_9' title="bbox 182 1358 1242 1445; baseline 0.002 -25"><span class='ocrx_word' id='word_1_71' title='bbox 182 1360 233 1420; x_wconf 79' lang='lat' dir='ltr'>Fr.</span> <span class='ocrx_word' id='word_1_72' title='bbox 258 1361 288 1422; x_wconf 87' lang='lat'>3.</span> <span class='ocrx_word' id='word_1_73' title='bbox 446 1361 506 1426; x_wconf 86' lang='grc' dir='ltr'><strong><em>ἀλλ’</em></strong></span> <span class='ocrx_word' id='word_1_74' title='bbox 532 1364 678 1445; x_wconf 74' lang='grc' dir='ltr'><strong><em>ἀντιβολῶ</em></strong></span> <span class='ocrx_word' id='word_1_75' title='bbox 702 1359 740 1441; x_wconf 90' lang='grc' dir='ltr'>σ’,</span> <span class='ocrx_word' id='word_1_76' title='bbox 763 1362 895 1425; x_wconf 76' lang='grc' dir='ltr'><strong><em>ἐπίταττέ</em></strong></span> <span class='ocrx_word' id='word_1_77' title='bbox 919 1387 969 1442; x_wconf 93' lang='grc' dir='ltr'>μοι</span> <span class='ocrx_word' id='word_1_78' title='bbox 993 1363 1034 1442; x_wconf 76' lang='grc' dir='ltr'>μὴ</span> <span class='ocrx_word' id='word_1_79' title='bbox 1057 1358 1137 1424; x_wconf 80' lang='grc' dir='ltr'><strong><em>πόλλ’</em></strong></span> <span class='ocrx_word' id='word_1_80' title='bbox 1165 1360 1242 1442; x_wconf 81' lang='grc' dir='ltr'><strong><em>άγαν</em></strong></span> 
     </span>
     <span class='ocr_line' id='line_1_10' title="bbox 449 1461 1127 1548; baseline -0.004 -20"><span class='ocrx_word' id='word_1_81' title='bbox 449 1462 521 1545; x_wconf 82' lang='grc' dir='ltr'><strong><em>μηδ’</em></strong></span> <span class='ocrx_word' id='word_1_82' title='bbox 547 1465 662 1548; x_wconf 82' lang='grc' dir='ltr'><strong><em>άγρια</em></strong></span> <span class='ocrx_word' id='word_1_83' title='bbox 685 1465 753 1527; x_wconf 87' lang='grc' dir='ltr'><strong><em>λίαν</em></strong></span> <span class='ocrx_word' id='word_1_84' title='bbox 778 1461 850 1544; x_wconf 84' lang='grc' dir='ltr'><strong><em>μηδ’</em></strong></span> <span class='ocrx_word' id='word_1_85' title='bbox 878 1463 1127 1546; x_wconf 76' lang='grc' dir='ltr'><strong><em>ἐπηργυρωμένα,</em></strong></span> 
     </span>
     <span class='ocr_line' id='line_1_11' title="bbox 449 1563 980 1652; baseline -0.004 -24"><span class='ocrx_word' id='word_1_86' title='bbox 449 1565 551 1647; x_wconf 81' lang='grc' dir='ltr'><strong><em>μέτρια</em></strong></span> <span class='ocrx_word' id='word_1_87' title='bbox 575 1565 608 1628; x_wconf 81' lang='grc' dir='ltr'>δέ</span> <span class='ocrx_word' id='word_1_88' title='bbox 631 1563 653 1648; x_wconf 89' lang='grc' dir='ltr'><strong><em>γ’</em></strong></span> <span class='ocrx_word' id='word_1_89' title='bbox 681 1564 721 1640; x_wconf 80' lang='grc' dir='ltr'>ὡς</span> <span class='ocrx_word' id='word_1_90' title='bbox 745 1566 820 1652; x_wconf 79' lang='grc' dir='ltr'><strong><em>θείην</em></strong></span> <span class='ocrx_word' id='word_1_91' title='bbox 844 1575 980 1627; x_wconf 85' lang='grc' dir='ltr'><strong><em>σεαυτοῦ.</em></strong></span> 
     </span>
    </p>
   </div>
   <div class='ocr_carea' id='block_1_6' title="bbox 227 1663 1605 1748">
    <p class='ocr_par' dir='ltr' id='par_1_6' title="bbox 227 1663 1605 1748">
     <span class='ocr_line' id='line_1_12' title="bbox 227 1663 1605 1748; baseline 0.003 -26"><span class='ocrx_word' id='word_1_92' title='bbox 227 1663 292 1723; x_wconf 85' lang='lat' dir='ltr'>Sub</span> <span class='ocrx_word' id='word_1_93' title='bbox 312 1670 463 1742; x_wconf 84' lang='lat' dir='ltr'>corrupto</span> <span class='ocrx_word' id='word_1_94' title='bbox 486 1666 575 1748; x_wconf 85' lang='grc' dir='ltr'><strong><em>άγρια</em></strong></span> <span class='ocrx_word' id='word_1_95' title='bbox 597 1685 663 1731; x_wconf 95' lang='lat' dir='ltr'>non</span> <span class='ocrx_word' id='word_1_96' title='bbox 687 1665 812 1729; x_wconf 86' lang='grc' dir='ltr'><strong><em>άτοπα</em></strong></span> <span class='ocrx_word' id='word_1_97' title='bbox 844 1669 903 1740; x_wconf 86' lang='lat' dir='ltr'>(sio</span> <span class='ocrx_word' id='word_1_98' title='bbox 923 1670 983 1739; x_wconf 84' lang='lat' dir='ltr'>Bi.)</span> <span class='ocrx_word' id='word_1_99' title='bbox 1007 1669 1110 1731; x_wconf 89' lang='lat' dir='ltr'>latere</span> <span class='ocrx_word' id='word_1_100' title='bbox 1130 1669 1259 1730; x_wconf 90' lang='lat' dir='ltr'>videtur</span> <span class='ocrx_word' id='word_1_101' title='bbox 1277 1669 1334 1728; x_wconf 94' lang='lat' dir='ltr'>sed</span> <span class='ocrx_word' id='word_1_102' title='bbox 1359 1663 1504 1744; x_wconf 90' lang='grc' dir='ltr'><strong><em>άπορα,</em></strong></span> <span class='ocrx_word' id='word_1_103' title='bbox 1601 1702 1605 1719; x_wconf 82' lang='lat'>·</span> 
     </span>
    </p>
   </div>
   <div class='ocr_carea' id='block_1_7' title="bbox 181 1764 1507 4982">
    <p class='ocr_par' dir='ltr' id='par_1_7' title="bbox 227 1764 1503 1944">
     <span class='ocr_line' id='line_1_13' title="bbox 228 1764 1503 1848; baseline 0.003 -24"><span class='ocrx_word' id='word_1_104' title='bbox 228 1764 436 1828; x_wconf 80' lang='lat' dir='ltr'>difficilia</span> <span class='ocrx_word' id='word_1_105' title='bbox 466 1771 513 1831; x_wconf 81' lang='lat' dir='ltr'>ad</span> <span class='ocrx_word' id='word_1_106' title='bbox 544 1771 797 1847; x_wconf 75' lang='lat' dir='ltr'>parandum,</span> <span class='ocrx_word' id='word_1_107' title='bbox 829 1771 914 1845; x_wconf 89' lang='lat' dir='ltr'>quod</span> <span class='ocrx_word' id='word_1_108' title='bbox 945 1775 1006 1841; x_wconf 86' lang='grc' dir='ltr'><strong><em>τοῖς</em></strong></span> <span class='ocrx_word' id='word_1_109' title='bbox 1038 1769 1224 1848; x_wconf 80' lang='grc' dir='ltr'><strong><em>εθιτορίστοις</em></strong></span> <span class='ocrx_word' id='word_1_110' title='bbox 1253 1769 1388 1846; x_wconf 81' lang='lat' dir='ltr'>opponit</span> <span class='ocrx_word' id='word_1_111' title='bbox 1410 1766 1503 1828; x_wconf 84' lang='lat' dir='ltr'>Plato</span> 
     </span>
     <span class='ocr_line' id='line_1_14' title="bbox 227 1866 560 1944; baseline 0.021 -17"><span class='ocrx_word' id='word_1_112' title='bbox 227 1866 305 1943; x_wconf 87' lang='lat' dir='ltr'>Rep.</span> <span class='ocrx_word' id='word_1_113' title='bbox 330 1867 362 1928; x_wconf 89' lang='lat'>11</span> <span class='ocrx_word' id='word_1_114' title='bbox 386 1884 416 1944; x_wconf 88' lang='lat' dir='ltr'>p.</span> <span class='ocrx_word' id='word_1_115' title='bbox 443 1872 508 1932; x_wconf 83' lang='lat'>378</span> <span class='ocrx_word' id='word_1_116' title='bbox 522 1875 560 1934; x_wconf 92' lang='grc' dir='ltr'>Α.</span> 
     </span>
    </p>

    <p class='ocr_par' dir='ltr' id='par_1_8' title="bbox 182 1964 1507 3769">
     <span class='ocr_line' id='line_1_15' title="bbox 182 1964 1505 2052; baseline 0.001 -25"><span class='ocrx_word' id='word_1_117' title='bbox 182 1967 234 2029; x_wconf 84' lang='lat' dir='ltr'>Fr.</span> <span class='ocrx_word' id='word_1_118' title='bbox 259 1971 289 2045; x_wconf 84' lang='lat'>4,</span> <span class='ocrx_word' id='word_1_119' title='bbox 318 1973 345 2031; x_wconf 93' lang='lat' dir='ltr'>l.</span> <span class='ocrx_word' id='word_1_120' title='bbox 370 1970 455 2047; x_wconf 78' lang='lat' dir='ltr'>Lege</span> <span class='ocrx_word' id='word_1_121' title='bbox 478 1972 745 2052; x_wconf 83' lang='grc' dir='ltr'><strong><em>κνιταριττορόφοιν</em></strong></span> <span class='ocrx_word' id='word_1_122' title='bbox 766 1987 841 2033; x_wconf 86' lang='lat' dir='ltr'>cum</span> <span class='ocrx_word' id='word_1_123' title='bbox 865 1972 913 2033; x_wconf 91' lang='lat' dir='ltr'>Bi.</span> <span class='ocrx_word' id='word_1_124' title='bbox 939 1975 972 2032; x_wconf 81' lang='lat' dir='ltr'>et</span> <span class='ocrx_word' id='word_1_125' title='bbox 996 1964 1028 2032; x_wconf 86' lang='grc' dir='ltr'>οί</span> <span class='ocrx_word' id='word_1_126' title='bbox 1048 1987 1096 2031; x_wconf 80' lang='lat' dir='ltr'>VS.</span> <span class='ocrx_word' id='word_1_127' title='bbox 1121 1973 1151 2032; x_wconf 78' lang='lat'>4.</span> <span class='ocrx_word' id='word_1_128' title='bbox 1167 2005 1207 2015; x_wconf 95' lang='lat'>—</span> <span class='ocrx_word' id='word_1_129' title='bbox 1228 1972 1283 2031; x_wconf 83' lang='lat' dir='ltr'>Vs.</span> <span class='ocrx_word' id='word_1_130' title='bbox 1308 1971 1358 2030; x_wconf 79' lang='lat'>12.</span> <span class='ocrx_word' id='word_1_131' title='bbox 1383 1967 1505 2046; x_wconf 79' lang='grc' dir='ltr'><strong><em>ἤρτυται</em></strong></span> 
     </span>
     <span class='ocr_line' id='line_1_16' title="bbox 228 2069 1504 2150; baseline 0.001 -22"><span class='ocrx_word' id='word_1_132' title='bbox 228 2069 334 2130; x_wconf 92' lang='lat' dir='ltr'>multo</span> <span class='ocrx_word' id='word_1_133' title='bbox 358 2073 556 2146; x_wconf 88' lang='lat' dir='ltr'>probabilius</span> <span class='ocrx_word' id='word_1_134' title='bbox 580 2074 727 2135; x_wconf 87' lang='lat' dir='ltr'>Meineke</span> <span class='ocrx_word' id='word_1_135' title='bbox 762 2088 861 2147; x_wconf 90' lang='lat' dir='ltr'>quam</span> <span class='ocrx_word' id='word_1_136' title='bbox 888 2071 1004 2150; x_wconf 75' lang='grc' dir='ltr'><strong><em>ἥψηται</em></strong></span> <span class='ocrx_word' id='word_1_137' title='bbox 1024 2073 1074 2133; x_wconf 92' lang='lat' dir='ltr'>Bl.</span> <span class='ocrx_word' id='word_1_138' title='bbox 1099 2106 1142 2114; x_wconf 95' lang='lat'>—</span> <span class='ocrx_word' id='word_1_139' title='bbox 1165 2072 1220 2133; x_wconf 92' lang='lat' dir='ltr'>Vs.</span> <span class='ocrx_word' id='word_1_140' title='bbox 1246 2072 1297 2131; x_wconf 82' lang='lat'>20.</span> <span class='ocrx_word' id='word_1_141' title='bbox 1323 2070 1384 2131; x_wconf 83' lang='lat' dir='ltr'>Hic</span> <span class='ocrx_word' id='word_1_142' title='bbox 1408 2069 1504 2131; x_wconf 89' lang='lat' dir='ltr'>Add.</span> 
     </span>
     <span class='ocr_line' id='line_1_17' title="bbox 227 2167 1501 2251; baseline -0.001 -21"><span class='ocrx_word' id='word_1_143' title='bbox 227 2187 257 2246; x_wconf 88' lang='lat' dir='ltr'>p.</span> <span class='ocrx_word' id='word_1_144' title='bbox 283 2171 346 2231; x_wconf 84' lang='lat'>388</span> <span class='ocrx_word' id='word_1_145' title='bbox 372 2174 570 2235; x_wconf 87' lang='lat' dir='ltr'>coniecturis</span> <span class='ocrx_word' id='word_1_146' title='bbox 594 2175 683 2235; x_wconf 91' lang='lat' dir='ltr'>addit</span> <span class='ocrx_word' id='word_1_147' title='bbox 706 2171 741 2233; x_wconf 80' lang='grc' dir='ltr'>τά</span> <span class='ocrx_word' id='word_1_148' title='bbox 764 2173 842 2233; x_wconf 83' lang='grc' dir='ltr'><strong><em>κάτω</em></strong></span> <span class='ocrx_word' id='word_1_149' title='bbox 863 2167 939 2232; x_wconf 89' lang='grc' dir='ltr'><strong><em>’στιν</em></strong></span> <span class='ocrx_word' id='word_1_150' title='bbox 958 2170 1036 2251; x_wconf 85' lang='grc' dir='ltr'><strong><em>άνω,</em></strong></span> <span class='ocrx_word' id='word_1_151' title='bbox 1059 2174 1165 2234; x_wconf 82' lang='lat' dir='ltr'>citans</span> <span class='ocrx_word' id='word_1_152' title='bbox 1188 2173 1322 2247; x_wconf 86' lang='lat' dir='ltr'>Antiph.</span> <span class='ocrx_word' id='word_1_153' title='bbox 1348 2172 1396 2231; x_wconf 86' lang='lat'>111</span> <span class='ocrx_word' id='word_1_154' title='bbox 1422 2171 1501 2243; x_wconf 78' lang='lat'>140;</span> 
     </span>
     <span class='ocr_line' id='line_1_18' title="bbox 227 2269 1505 2355; baseline -0.001 -25"><span class='ocrx_word' id='word_1_155' title='bbox 227 2271 364 2335; x_wconf 90' lang='lat' dir='ltr'>Philem.</span> <span class='ocrx_word' id='word_1_156' title='bbox 395 2273 441 2334; x_wconf 86' lang='lat' dir='ltr'>IV</span> <span class='ocrx_word' id='word_1_157' title='bbox 464 2277 522 2349; x_wconf 86' lang='lat'>33;</span> <span class='ocrx_word' id='word_1_158' title='bbox 559 2277 677 2352; x_wconf 88' lang='lat' dir='ltr'>Adesp.</span> <span class='ocrx_word' id='word_1_159' title='bbox 718 2277 793 2352; x_wconf 78' lang='lat'>583,</span> <span class='ocrx_word' id='word_1_160' title='bbox 825 2276 962 2351; x_wconf 88' lang='lat' dir='ltr'>probata</span> <span class='ocrx_word' id='word_1_161' title='bbox 993 2276 1093 2351; x_wconf 82' lang='lat' dir='ltr'>igitur</span> <span class='ocrx_word' id='word_1_162' title='bbox 1123 2269 1173 2355; x_wconf 88' lang='lat' dir='ltr'>(ut</span> <span class='ocrx_word' id='word_1_163' title='bbox 1203 2274 1343 2341; x_wconf 88' lang='lat' dir='ltr'>videtur)</span> <span class='ocrx_word' id='word_1_164' title='bbox 1367 2269 1505 2332; x_wconf 84' lang='lat' dir='ltr'>Iacobsii</span> 
     </span>
     <span class='ocr_line' id='line_1_19' title="bbox 229 2372 1504 2448; baseline 0 -17"><span class='ocrx_word' id='word_1_165' title='bbox 229 2372 368 2435; x_wconf 85' lang='lat' dir='ltr'>lectione</span> <span class='ocrx_word' id='word_1_166' title='bbox 391 2375 518 2448; x_wconf 83' lang='grc' dir='ltr'><strong><em>πάντας.</em></strong></span> <span class='ocrx_word' id='word_1_167' title='bbox 550 2378 627 2437; x_wconf 89' lang='lat' dir='ltr'>Mihi</span> <span class='ocrx_word' id='word_1_168' title='bbox 647 2378 810 2438; x_wconf 84' lang='lat' dir='ltr'>satisfacit</span> <span class='ocrx_word' id='word_1_169' title='bbox 833 2377 972 2438; x_wconf 89' lang='lat' dir='ltr'>Dobraei</span> <span class='ocrx_word' id='word_1_170' title='bbox 996 2378 1164 2438; x_wconf 86' lang='lat' dir='ltr'>correctio.</span> <span class='ocrx_word' id='word_1_171' title='bbox 1191 2409 1229 2418; x_wconf 89' lang='lat'>-</span> <span class='ocrx_word' id='word_1_172' title='bbox 1254 2374 1310 2435; x_wconf 90' lang='lat' dir='ltr'>Vs.</span> <span class='ocrx_word' id='word_1_173' title='bbox 1335 2374 1387 2434; x_wconf 83' lang='lat'>23.</span> <span class='ocrx_word' id='word_1_174' title='bbox 1412 2372 1504 2432; x_wconf 89' lang='lat' dir='ltr'>Idem</span> 
     </span>
     <span class='ocr_line' id='line_1_20' title="bbox 227 2472 1504 2558; baseline -0.001 -23"><span class='ocrx_word' id='word_1_175' title='bbox 227 2480 360 2537; x_wconf 82' lang='lat' dir='ltr'>revocat</span> <span class='ocrx_word' id='word_1_176' title='bbox 383 2473 475 2558; x_wconf 79' lang='grc' dir='ltr'><strong><em>δεῦρ’,</em></strong></span> <span class='ocrx_word' id='word_1_177' title='bbox 496 2479 526 2539; x_wconf 82' lang='grc' dir='ltr'><strong><em>εἴ</em></strong></span> <span class='ocrx_word' id='word_1_178' title='bbox 544 2500 615 2550; x_wconf 82' lang='grc' dir='ltr'><strong><em>ττοις.</em></strong></span> <span class='ocrx_word' id='word_1_179' title='bbox 638 2479 767 2540; x_wconf 87' lang='lat' dir='ltr'>Dubito.</span> <span class='ocrx_word' id='word_1_180' title='bbox 790 2513 829 2523; x_wconf 94' lang='lat'>—</span> <span class='ocrx_word' id='word_1_181' title='bbox 844 2480 899 2539; x_wconf 80' lang='lat' dir='ltr'>VS.</span> <span class='ocrx_word' id='word_1_182' title='bbox 921 2479 973 2539; x_wconf 83' lang='lat'>38.</span> <span class='ocrx_word' id='word_1_183' title='bbox 998 2477 1104 2538; x_wconf 85' lang='lat' dir='ltr'>verba</span> <span class='ocrx_word' id='word_1_184' title='bbox 1127 2476 1231 2553; x_wconf 93' lang='grc' dir='ltr'><strong><em>φυκίς,</em></strong></span> <span class='ocrx_word' id='word_1_185' title='bbox 1253 2474 1384 2554; x_wconf 85' lang='grc' dir='ltr'><strong><em>βρίγκος,</em></strong></span> <span class='ocrx_word' id='word_1_186' title='bbox 1404 2472 1504 2552; x_wconf 82' lang='grc' dir='ltr'><strong><em>τρίγλη</em></strong></span> 
     </span>
     <span class='ocr_line' id='line_1_21' title="bbox 227 2575 1505 2656; baseline -0.002 -20"><span class='ocrx_word' id='word_1_187' title='bbox 227 2581 398 2639; x_wconf 83' lang='lat' dir='ltr'>recurrunt</span> <span class='ocrx_word' id='word_1_188' title='bbox 429 2581 512 2654; x_wconf 90' lang='lat' dir='ltr'>apud</span> <span class='ocrx_word' id='word_1_189' title='bbox 545 2581 728 2655; x_wconf 82' lang='lat' dir='ltr'>Ephippum</span> <span class='ocrx_word' id='word_1_190' title='bbox 763 2581 811 2640; x_wconf 91' lang='lat' dir='ltr'>III</span> <span class='ocrx_word' id='word_1_191' title='bbox 846 2581 911 2640; x_wconf 82' lang='lat'>330</span> <span class='ocrx_word' id='word_1_192' title='bbox 947 2581 972 2647; x_wconf 92' lang='grc' dir='ltr'>(Ι</span> <span class='ocrx_word' id='word_1_193' title='bbox 1001 2581 1032 2649; x_wconf 88' lang='grc'>3)</span> <span class='ocrx_word' id='word_1_194' title='bbox 1067 2579 1123 2654; x_wconf 73' lang='grc' dir='ltr'>λλ,</span> <span class='ocrx_word' id='word_1_195' title='bbox 1153 2578 1269 2656; x_wconf 78' lang='grc' dir='ltr'><strong><em>τρίγλη,</em></strong></span> <span class='ocrx_word' id='word_1_196' title='bbox 1298 2575 1389 2653; x_wconf 82' lang='grc' dir='ltr'><strong><em>φυκίς</em></strong></span> <span class='ocrx_word' id='word_1_197' title='bbox 1420 2575 1505 2651; x_wconf 88' lang='lat' dir='ltr'>apud</span> 
     </span>
     <span class='ocr_line' id='line_1_22' title="bbox 228 2677 1505 2757; baseline -0.002 -20"><span class='ocrx_word' id='word_1_198' title='bbox 228 2679 361 2753; x_wconf 79' lang='lat' dir='ltr'>Antiph.</span> <span class='ocrx_word' id='word_1_199' title='bbox 386 2681 495 2741; x_wconf 81' lang='lat'><strong>11172</strong></span> <span class='ocrx_word' id='word_1_200' title='bbox 520 2682 546 2752; x_wconf 78' lang='grc' dir='ltr'>(Ι</span> <span class='ocrx_word' id='word_1_201' title='bbox 570 2683 610 2752; x_wconf 87' lang='grc'>3).</span> <span class='ocrx_word' id='word_1_202' title='bbox 635 2683 697 2742; x_wconf 90' lang='lat' dir='ltr'>Pro</span> <span class='ocrx_word' id='word_1_203' title='bbox 721 2682 866 2757; x_wconf 78' lang='lat' dir='ltr'>Ephippo</span> <span class='ocrx_word' id='word_1_204' title='bbox 890 2681 911 2742; x_wconf 93' lang='lat' dir='ltr'>l.</span> <span class='ocrx_word' id='word_1_205' title='bbox 931 2680 953 2741; x_wconf 94' lang='lat' dir='ltr'>l.</span> <span class='ocrx_word' id='word_1_206' title='bbox 977 2681 1026 2740; x_wconf 93' lang='lat' dir='ltr'>Bl.</span> <span class='ocrx_word' id='word_1_207' title='bbox 1051 2694 1160 2740; x_wconf 89' lang='lat' dir='ltr'>errore</span> <span class='ocrx_word' id='word_1_208' title='bbox 1183 2680 1264 2740; x_wconf 87' lang='lat' dir='ltr'>citat</span> <span class='ocrx_word' id='word_1_209' title='bbox 1287 2679 1373 2738; x_wconf 88' lang='lat' dir='ltr'>huuc</span> <span class='ocrx_word' id='word_1_210' title='bbox 1396 2677 1505 2751; x_wconf 88' lang='lat' dir='ltr'>ipsum</span> 
     </span>
     <span class='ocr_line' id='line_1_23' title="bbox 227 2776 1507 2860; baseline -0.001 -22"><span class='ocrx_word' id='word_1_211' title='bbox 227 2779 442 2842; x_wconf 84' lang='lat' dir='ltr'>Mnesimaohi</span> <span class='ocrx_word' id='word_1_212' title='bbox 480 2783 599 2844; x_wconf 85' lang='lat' dir='ltr'>locum.</span> <span class='ocrx_word' id='word_1_213' title='bbox 633 2817 669 2824; x_wconf 94' lang='lat'><em>-</em></span> <span class='ocrx_word' id='word_1_214' title='bbox 704 2782 760 2844; x_wconf 83' lang='lat' dir='ltr'>Vs.</span> <span class='ocrx_word' id='word_1_215' title='bbox 792 2783 845 2842; x_wconf 79' lang='lat'>40.</span> <span class='ocrx_word' id='word_1_216' title='bbox 880 2781 1004 2860; x_wconf 84' lang='grc' dir='ltr'><strong><em>φλεβίας</em></strong></span> <span class='ocrx_word' id='word_1_217' title='bbox 1038 2780 1086 2841; x_wconf 93' lang='lat' dir='ltr'>Bl.</span> <span class='ocrx_word' id='word_1_218' title='bbox 1122 2780 1186 2841; x_wconf 83' lang='lat' dir='ltr'>Gur</span> <span class='ocrx_word' id='word_1_219' title='bbox 1221 2780 1366 2853; x_wconf 85' lang='lat' dir='ltr'>quaeso?</span> <span class='ocrx_word' id='word_1_220' title='bbox 1400 2776 1507 2837; x_wconf 89' lang='lat' dir='ltr'>Verba</span> 
     </span>
     <span class='ocr_line' id='line_1_24' title="bbox 227 2878 1504 2965; baseline 0 -27"><span class='ocrx_word' id='word_1_221' title='bbox 227 2879 340 2958; x_wconf 84' lang='grc' dir='ltr'><strong><em>σπάρος</em></strong></span> <span class='ocrx_word' id='word_1_222' title='bbox 365 2916 405 2926; x_wconf 94' lang='grc'>-</span> <span class='ocrx_word' id='word_1_223' title='bbox 430 2886 545 2965; x_wconf 72' lang='grc' dir='ltr'><strong><em>θρᾷττα</em></strong></span> <span class='ocrx_word' id='word_1_224' title='bbox 575 2887 748 2945; x_wconf 86' lang='lat' dir='ltr'>recurrunt</span> <span class='ocrx_word' id='word_1_225' title='bbox 777 2884 861 2960; x_wconf 89' lang='lat' dir='ltr'>apud</span> <span class='ocrx_word' id='word_1_226' title='bbox 885 2884 1020 2958; x_wconf 81' lang='lat' dir='ltr'>Ephipp.</span> <span class='ocrx_word' id='word_1_227' title='bbox 1048 2884 1098 2956; x_wconf 79' lang='lat'>12,</span> <span class='ocrx_word' id='word_1_228' title='bbox 1124 2884 1159 2957; x_wconf 75' lang='lat'>55</span> <span class='ocrx_word' id='word_1_229' title='bbox 1184 2880 1296 2959; x_wconf 78' lang='grc' dir='ltr'><strong><em>σπάρος</em></strong></span> <span class='ocrx_word' id='word_1_230' title='bbox 1317 2878 1432 2949; x_wconf 78' lang='grc' dir='ltr'><strong><em>αἰολίας</em></strong></span> <span class='ocrx_word' id='word_1_231' title='bbox 1454 2893 1504 2952; x_wconf 89' lang='lat' dir='ltr'>ap.</span> 
     </span>
     <span class='ocr_line' id='line_1_25' title="bbox 227 2981 1504 3062; baseline -0.002 -21"><span class='ocrx_word' id='word_1_232' title='bbox 227 2981 309 3043; x_wconf 86' lang='lat' dir='ltr'>Plat.</span> <span class='ocrx_word' id='word_1_233' title='bbox 331 2983 362 3042; x_wconf 89' lang='lat'>11</span> <span class='ocrx_word' id='word_1_234' title='bbox 381 2986 456 3046; x_wconf 79' lang='lat'>672.</span> <span class='ocrx_word' id='word_1_235' title='bbox 471 3019 511 3030; x_wconf 93' lang='lat'>-</span> <span class='ocrx_word' id='word_1_236' title='bbox 525 2985 581 3046; x_wconf 89' lang='lat' dir='ltr'>Vs.</span> <span class='ocrx_word' id='word_1_237' title='bbox 595 2988 647 3047; x_wconf 81' lang='lat'>52.</span> <span class='ocrx_word' id='word_1_238' title='bbox 672 2985 784 3062; x_wconf 83' lang='grc' dir='ltr'><strong><em>μάττει,</em></strong></span> <span class='ocrx_word' id='word_1_239' title='bbox 804 2982 906 3046; x_wconf 76' lang='grc' dir='ltr'><strong><em>πέττει.</em></strong></span> <span class='ocrx_word' id='word_1_240' title='bbox 931 2984 1038 3046; x_wconf 89' lang='lat' dir='ltr'>Verba</span> <span class='ocrx_word' id='word_1_241' title='bbox 1060 2986 1173 3046; x_wconf 87' lang='lat' dir='ltr'>iuncta</span> <span class='ocrx_word' id='word_1_242' title='bbox 1195 2984 1298 3045; x_wconf 89' lang='lat' dir='ltr'>etiam</span> <span class='ocrx_word' id='word_1_243' title='bbox 1318 2997 1337 3042; x_wconf 89' lang='lat' dir='ltr'>a</span> <span class='ocrx_word' id='word_1_244' title='bbox 1355 2981 1504 3041; x_wconf 90' lang='lat' dir='ltr'>Phereor.</span> 
     </span>
     <span class='ocr_line' id='line_1_26' title="bbox 226 3083 1504 3161; baseline -0.002 -19"><span class='ocrx_word' id='word_1_245' title='bbox 226 3083 258 3142; x_wconf 89' lang='lat'>11</span> <span class='ocrx_word' id='word_1_246' title='bbox 282 3085 345 3144; x_wconf 79' lang='lat'>345</span> <span class='ocrx_word' id='word_1_247' title='bbox 370 3089 403 3145; x_wconf 89' lang='lat' dir='ltr'>et</span> <span class='ocrx_word' id='word_1_248' title='bbox 428 3086 593 3161; x_wconf 83' lang='lat' dir='ltr'>Aristoph.</span> <span class='ocrx_word' id='word_1_249' title='bbox 620 3083 681 3148; x_wconf 80' lang='lat'>271</span> <span class='ocrx_word' id='word_1_250' title='bbox 715 3087 796 3158; x_wconf 78' lang='lat' dir='ltr'>(BL).</span> <span class='ocrx_word' id='word_1_251' title='bbox 815 3121 851 3131; x_wconf 97' lang='lat'>-</span> <span class='ocrx_word' id='word_1_252' title='bbox 865 3088 921 3148; x_wconf 83' lang='lat' dir='ltr'>Vs.</span> <span class='ocrx_word' id='word_1_253' title='bbox 936 3088 988 3147; x_wconf 82' lang='lat' dir='ltr'>bi.</span> <span class='ocrx_word' id='word_1_254' title='bbox 1010 3090 1101 3145; x_wconf 84' lang='grc' dir='ltr'><strong><em>νεῖται</em></strong></span> <span class='ocrx_word' id='word_1_255' title='bbox 1120 3099 1258 3145; x_wconf 87' lang='lat' dir='ltr'>servans</span> <span class='ocrx_word' id='word_1_256' title='bbox 1278 3088 1352 3157; x_wconf 88' lang='lat' dir='ltr'>(quo</span> <span class='ocrx_word' id='word_1_257' title='bbox 1371 3083 1504 3150; x_wconf 83' lang='lat' dir='ltr'>seusu?)</span> 
     </span>
     <span class='ocr_line' id='line_1_27' title="bbox 227 3183 1504 3263; baseline 0 -21"><span class='ocrx_word' id='word_1_258' title='bbox 227 3183 275 3244; x_wconf 89' lang='lat' dir='ltr'>Bi.</span> <span class='ocrx_word' id='word_1_259' title='bbox 310 3185 396 3247; x_wconf 92' lang='lat' dir='ltr'>delet</span> <span class='ocrx_word' id='word_1_260' title='bbox 428 3192 558 3263; x_wconf 86' lang='grc' dir='ltr'><strong><em>πνεῖται,</em></strong></span> <span class='ocrx_word' id='word_1_261' title='bbox 588 3189 673 3261; x_wconf 95' lang='lat' dir='ltr'>quod</span> <span class='ocrx_word' id='word_1_262' title='bbox 704 3193 776 3248; x_wconf 86' lang='grc' dir='ltr'><strong><em>πνεῖ</em></strong></span> <span class='ocrx_word' id='word_1_263' title='bbox 802 3189 1010 3249; x_wconf 78' lang='lat' dir='ltr'>scribendum</span> <span class='ocrx_word' id='word_1_264' title='bbox 1033 3188 1142 3248; x_wconf 83' lang='lat' dir='ltr'>fuerit.</span> <span class='ocrx_word' id='word_1_265' title='bbox 1166 3186 1227 3247; x_wconf 86' lang='lat' dir='ltr'>Sed</span> <span class='ocrx_word' id='word_1_266' title='bbox 1251 3188 1342 3246; x_wconf 91' lang='lat' dir='ltr'>totus</span> <span class='ocrx_word' id='word_1_267' title='bbox 1365 3198 1413 3244; x_wconf 90' lang='lat' dir='ltr'>vs.</span> <span class='ocrx_word' id='word_1_268' title='bbox 1440 3198 1504 3243; x_wconf 86' lang='lat' dir='ltr'>cor·</span> 
     </span>
     <span class='ocr_line' id='line_1_28' title="bbox 226 3284 1506 3366; baseline 0 -23"><span class='ocrx_word' id='word_1_269' title='bbox 226 3288 343 3361; x_wconf 91' lang='lat' dir='ltr'>ruptus</span> <span class='ocrx_word' id='word_1_270' title='bbox 376 3288 516 3365; x_wconf 92' lang='lat' dir='ltr'>videtur,</span> <span class='ocrx_word' id='word_1_271' title='bbox 553 3304 632 3349; x_wconf 89' lang='lat' dir='ltr'>nam</span> <span class='ocrx_word' id='word_1_272' title='bbox 670 3293 864 3365; x_wconf 81' lang='lat' dir='ltr'>expectatur</span> <span class='ocrx_word' id='word_1_273' title='bbox 898 3293 1048 3366; x_wconf 82' lang='grc' dir='ltr'><strong><em>μολπᾶς</em></strong></span> <span class='ocrx_word' id='word_1_274' title='bbox 1082 3285 1194 3366; x_wconf 82' lang='grc' dir='ltr'><strong><em>κλαγγὰ</em></strong></span> <span class='ocrx_word' id='word_1_275' title='bbox 1228 3289 1262 3347; x_wconf 94' lang='lat' dir='ltr'>et</span> <span class='ocrx_word' id='word_1_276' title='bbox 1294 3284 1415 3363; x_wconf 81' lang='grc' dir='ltr'><strong><em>θράττει</em></strong></span> <span class='ocrx_word' id='word_1_277' title='bbox 1448 3284 1506 3343; x_wconf 86' lang='lat' dir='ltr'>vix</span> 
     </span>
     <span class='ocr_line' id='line_1_29' title="bbox 226 3383 1504 3470; baseline -0.002 -24"><span class='ocrx_word' id='word_1_278' title='bbox 226 3388 341 3461; x_wconf 88' lang='lat' dir='ltr'>aptum</span> <span class='ocrx_word' id='word_1_279' title='bbox 372 3383 438 3470; x_wconf 61' lang='lat' dir='ltr'>ests,</span> <span class='ocrx_word' id='word_1_280' title='bbox 468 3387 582 3468; x_wconf 80' lang='grc' dir='ltr'><strong><em>κλαγγὰ</em></strong></span> <span class='ocrx_word' id='word_1_281' title='bbox 613 3394 726 3450; x_wconf 92' lang='lat' dir='ltr'>autem</span> <span class='ocrx_word' id='word_1_282' title='bbox 758 3391 878 3451; x_wconf 90' lang='lat' dir='ltr'>melius</span> <span class='ocrx_word' id='word_1_283' title='bbox 910 3394 1040 3465; x_wconf 77' lang='grc' dir='ltr'><strong><em>πνεῖται,</em></strong></span> <span class='ocrx_word' id='word_1_284' title='bbox 1068 3389 1190 3464; x_wconf 86' lang='lat' dir='ltr'>opinor,</span> <span class='ocrx_word' id='word_1_285' title='bbox 1226 3402 1326 3461; x_wconf 89' lang='lat' dir='ltr'>quam</span> <span class='ocrx_word' id='word_1_286' title='bbox 1359 3389 1436 3445; x_wconf 85' lang='grc' dir='ltr'><strong><em>πνεῖ.</em></strong></span> <span class='ocrx_word' id='word_1_287' title='bbox 1464 3419 1504 3428; x_wconf 99' lang='grc'>-</span> 
     </span>
     <span class='ocr_line' id='line_1_30' title="bbox 227 3485 1506 3569; baseline 0.002 -26"><span class='ocrx_word' id='word_1_288' title='bbox 227 3485 282 3547; x_wconf 86' lang='lat' dir='ltr'>Vs.</span> <span class='ocrx_word' id='word_1_289' title='bbox 307 3488 360 3549; x_wconf 74' lang='lat'>58.</span> <span class='ocrx_word' id='word_1_290' title='bbox 384 3489 446 3550; x_wconf 91' lang='lat' dir='ltr'>Pro</span> <span class='ocrx_word' id='word_1_291' title='bbox 466 3490 580 3569; x_wconf 83' lang='grc' dir='ltr'><strong><em>κούραν</em></strong></span> <span class='ocrx_word' id='word_1_292' title='bbox 599 3490 691 3551; x_wconf 86' lang='lat' dir='ltr'>Kook</span> <span class='ocrx_word' id='word_1_293' title='bbox 710 3487 808 3567; x_wconf 78' lang='grc' dir='ltr'><strong><em>αὔραν</em></strong></span> <span class='ocrx_word' id='word_1_294' title='bbox 827 3491 979 3565; x_wconf 86' lang='lat' dir='ltr'>coniecit,</span> <span class='ocrx_word' id='word_1_295' title='bbox 1001 3490 1049 3552; x_wconf 92' lang='lat' dir='ltr'>Bl.</span> <span class='ocrx_word' id='word_1_296' title='bbox 1070 3488 1181 3564; x_wconf 81' lang='grc' dir='ltr'><strong><em>αάρῶν.</em></strong></span> <span class='ocrx_word' id='word_1_297' title='bbox 1204 3488 1362 3561; x_wconf 85' lang='lat' dir='ltr'>Equidem</span> <span class='ocrx_word' id='word_1_298' title='bbox 1374 3489 1506 3562; x_wconf 89' lang='lat' dir='ltr'>propter</span> 
     </span>
     <span class='ocr_line' id='line_1_31' title="bbox 226 3587 1507 3667; baseline 0.001 -21"><span class='ocrx_word' id='word_1_299' title='bbox 226 3587 343 3650; x_wconf 88' lang='lat' dir='ltr'>horum</span> <span class='ocrx_word' id='word_1_300' title='bbox 375 3606 531 3651; x_wconf 91' lang='lat' dir='ltr'>versuum</span> <span class='ocrx_word' id='word_1_301' title='bbox 561 3592 738 3667; x_wconf 88' lang='lat' dir='ltr'>dorismos,</span> <span class='ocrx_word' id='word_1_302' title='bbox 778 3590 896 3665; x_wconf 91' lang='lat' dir='ltr'>quibus</span> <span class='ocrx_word' id='word_1_303' title='bbox 931 3606 1023 3651; x_wconf 91' lang='lat' dir='ltr'>more</span> <span class='ocrx_word' id='word_1_304' title='bbox 1058 3590 1297 3664; x_wconf 85' lang='lat' dir='ltr'>Aristophaneo</span> <span class='ocrx_word' id='word_1_305' title='bbox 1331 3589 1507 3649; x_wconf 91' lang='lat' dir='ltr'>irridentur</span> 
     </span>
     <span class='ocr_line' id='line_1_32' title="bbox 226 3690 1300 3769; baseline -0.002 -20"><span class='ocrx_word' id='word_1_306' title='bbox 226 3692 340 3762; x_wconf 88' lang='lat' dir='ltr'>poetae</span> <span class='ocrx_word' id='word_1_307' title='bbox 364 3692 610 3769; x_wconf 86' lang='lat' dir='ltr'>dithyrambioi,</span> <span class='ocrx_word' id='word_1_308' title='bbox 636 3693 771 3767; x_wconf 82' lang='lat' dir='ltr'>legerim</span> <span class='ocrx_word' id='word_1_309' title='bbox 801 3708 876 3752; x_wconf 83' lang='lat' dir='ltr'>cum</span> <span class='ocrx_word' id='word_1_310' title='bbox 900 3691 1084 3752; x_wconf 84' lang='lat' dir='ltr'>mutatione</span> <span class='ocrx_word' id='word_1_311' title='bbox 1107 3690 1300 3765; x_wconf 83' lang='lat' dir='ltr'>perexigua:</span> 
     </span>
    </p>

    <p class='ocr_par' dir='ltr' id='par_1_9' title="bbox 537 3792 1149 4073">
     <span class='ocr_line' id='line_1_33' title="bbox 541 3792 823 3872; baseline 0 -20"><span class='ocrx_word' id='word_1_312' title='bbox 541 3793 694 3872; x_wconf 83' lang='grc' dir='ltr'>καύρᾶν</span> <span class='ocrx_word' id='word_1_313' title='bbox 717 3792 823 3864; x_wconf 86' lang='grc' dir='ltr'><strong><em>κασίας</em></strong></span> 
     </span>
     <span class='ocr_line' id='line_1_34' title="bbox 537 3890 1032 3975; baseline -0.004 -22"><span class='ocrx_word' id='word_1_314' title='bbox 537 3891 597 3955; x_wconf 73' lang='grc' dir='ltr'>ἀπὸ</span> <span class='ocrx_word' id='word_1_315' title='bbox 620 3904 675 3975; x_wconf 85' lang='grc' dir='ltr'><strong><em>γᾶς</em></strong></span> <span class='ocrx_word' id='word_1_316' title='bbox 698 3891 784 3974; x_wconf 81' lang='grc' dir='ltr'><strong><em>ἁγίας</em></strong></span> <span class='ocrx_word' id='word_1_317' title='bbox 808 3890 893 3965; x_wconf 80' lang='grc' dir='ltr'><strong><em>ἁλίας</em></strong></span> <span class='ocrx_word' id='word_1_318' title='bbox 916 3893 1032 3972; x_wconf 85' lang='grc' dir='ltr'><strong><em>Συρίας</em></strong></span> 
     </span>
     <span class='ocr_line' id='line_1_35' title="bbox 540 3991 1149 4073; baseline -0.002 -18"><span class='ocrx_word' id='word_1_319' title='bbox 540 3992 617 4073; x_wconf 76' lang='grc' dir='ltr'><strong><em>ὀσμὴ</em></strong></span> <span class='ocrx_word' id='word_1_320' title='bbox 642 3994 735 4072; x_wconf 75' lang='grc' dir='ltr'><strong><em>σεμνὴ</em></strong></span> <span class='ocrx_word' id='word_1_321' title='bbox 759 4002 896 4073; x_wconf 76' lang='grc' dir='ltr'><strong><em>μυκτῆρα</em></strong></span> <span class='ocrx_word' id='word_1_322' title='bbox 921 3994 1007 4055; x_wconf 82' lang='grc' dir='ltr'><strong><em>δονεῖ</em></strong></span> <span class='ocrx_word' id='word_1_323' title='bbox 1026 3991 1082 4054; x_wconf 84' lang='grc' dir='ltr'>κτὲ.</span> <span class='ocrx_word' id='word_1_324' title='bbox 1109 4027 1149 4038; x_wconf 92' lang='grc'><strong>-</strong></span> 
     </span>
    </p>

    <p class='ocr_par' dir='ltr' id='par_1_10' title="bbox 181 4090 1505 4471">
     <span class='ocr_line' id='line_1_36' title="bbox 181 4090 1504 4174; baseline 0.003 -25"><span class='ocrx_word' id='word_1_325' title='bbox 181 4090 236 4153; x_wconf 85' lang='lat' dir='ltr'>Vs.</span> <span class='ocrx_word' id='word_1_326' title='bbox 259 4093 311 4154; x_wconf 85' lang='grc'>63.</span> <span class='ocrx_word' id='word_1_327' title='bbox 331 4092 458 4170; x_wconf 83' lang='grc' dir='ltr'><strong><em>μίνθης,</em></strong></span> <span class='ocrx_word' id='word_1_328' title='bbox 477 4097 606 4158; x_wconf 86' lang='lat' dir='ltr'>collatis</span> <span class='ocrx_word' id='word_1_329' title='bbox 625 4097 844 4174; x_wconf 74' lang='lat' dir='ltr'>Theophrasti</span> <span class='ocrx_word' id='word_1_330' title='bbox 864 4096 958 4172; x_wconf 87' lang='lat' dir='ltr'>locis,</span> <span class='ocrx_word' id='word_1_331' title='bbox 980 4097 1117 4170; x_wconf 86' lang='lat' dir='ltr'>requirit</span> <span class='ocrx_word' id='word_1_332' title='bbox 1132 4094 1180 4156; x_wconf 95' lang='lat' dir='ltr'>Bl.</span> <span class='ocrx_word' id='word_1_333' title='bbox 1197 4128 1235 4138; x_wconf 97' lang='lat'><em>-</em></span> <span class='ocrx_word' id='word_1_334' title='bbox 1250 4093 1306 4155; x_wconf 90' lang='lat' dir='ltr'>Vs.</span> <span class='ocrx_word' id='word_1_335' title='bbox 1320 4095 1373 4154; x_wconf 82' lang='lat'>65.</span> <span class='ocrx_word' id='word_1_336' title='bbox 1392 4093 1504 4154; x_wconf 87' lang='lat' dir='ltr'>Malim</span> 
     </span>
     <span class='ocr_line' id='line_1_37' title="bbox 226 4191 1505 4274; baseline 0.002 -24"><span class='ocrx_word' id='word_1_337' title='bbox 226 4192 347 4252; x_wconf 83' lang='grc' dir='ltr'><strong><em>πάντων</em></strong></span> <span class='ocrx_word' id='word_1_338' title='bbox 377 4191 503 4273; x_wconf 82' lang='grc' dir='ltr'><strong><em>ἀγαθῶν</em></strong></span> <span class='ocrx_word' id='word_1_339' title='bbox 534 4197 717 4274; x_wconf 78' lang='grc' dir='ltr'><strong><em>διάμεστος,</em></strong></span> <span class='ocrx_word' id='word_1_340' title='bbox 748 4198 823 4273; x_wconf 86' lang='lat' dir='ltr'>quia</span> <span class='ocrx_word' id='word_1_341' title='bbox 854 4194 1047 4273; x_wconf 85' lang='grc' dir='ltr'><strong><em>ἀνάμεστος,</em></strong></span> <span class='ocrx_word' id='word_1_342' title='bbox 1070 4200 1107 4257; x_wconf 85' lang='lat' dir='ltr'>ut</span> <span class='ocrx_word' id='word_1_343' title='bbox 1130 4193 1284 4266; x_wconf 79' lang='grc' dir='ltr'><strong><em>ἀνάπλεως</em></strong></span> <span class='ocrx_word' id='word_1_344' title='bbox 1307 4198 1341 4256; x_wconf 78' lang='lat' dir='ltr'>ei</span> <span class='ocrx_word' id='word_1_345' title='bbox 1375 4192 1505 4272; x_wconf 80' lang='grc' dir='ltr'><strong><em>ἀναπιμ-</em></strong></span> 
     </span>
     <span class='ocr_line' id='line_1_38' title="bbox 227 4293 1505 4375; baseline 0.004 -23"><span class='ocrx_word' id='word_1_346' title='bbox 227 4293 351 4370; x_wconf 76' lang='grc' dir='ltr'><strong><em>πλάναι,</em></strong></span> <span class='ocrx_word' id='word_1_347' title='bbox 373 4296 459 4356; x_wconf 89' lang='lat' dir='ltr'>siout</span> <span class='ocrx_word' id='word_1_348' title='bbox 483 4297 621 4360; x_wconf 88' lang='lat' dir='ltr'>latinum</span> <span class='ocrx_word' id='word_1_349' title='bbox 652 4299 836 4375; x_wconf 85' lang='lat' dir='ltr'>opplere,</span> <span class='ocrx_word' id='word_1_350' title='bbox 863 4299 902 4359; x_wconf 93' lang='lat' dir='ltr'>de</span> <span class='ocrx_word' id='word_1_351' title='bbox 926 4298 1076 4359; x_wconf 85' lang='lat' dir='ltr'>sordibus</span> <span class='ocrx_word' id='word_1_352' title='bbox 1099 4300 1133 4358; x_wconf 90' lang='lat' dir='ltr'>et</span> <span class='ocrx_word' id='word_1_353' title='bbox 1156 4298 1317 4358; x_wconf 86' lang='lat' dir='ltr'>translate</span> <span class='ocrx_word' id='word_1_354' title='bbox 1340 4297 1379 4357; x_wconf 93' lang='lat' dir='ltr'>de</span> <span class='ocrx_word' id='word_1_355' title='bbox 1407 4297 1505 4358; x_wconf 90' lang='lat' dir='ltr'>malis</span> 
     </span>
     <span class='ocr_line' id='line_1_39' title="bbox 226 4397 557 4471; baseline 0.015 -17"><span class='ocrx_word' id='word_1_356' title='bbox 226 4397 377 4471; x_wconf 87' lang='lat' dir='ltr'>usurpari</span> <span class='ocrx_word' id='word_1_357' title='bbox 400 4398 557 4459; x_wconf 89' lang='lat' dir='ltr'>assolent.</span> 
     </span>
    </p>

    <p class='ocr_par' dir='ltr' id='par_1_11' title="bbox 182 4489 1505 4879">
     <span class='ocr_line' id='line_1_40' title="bbox 182 4489 1504 4579; baseline 0.005 -24"><span class='ocrx_word' id='word_1_358' title='bbox 182 4496 233 4557; x_wconf 83' lang='lat' dir='ltr'>Fr.</span> <span class='ocrx_word' id='word_1_359' title='bbox 259 4497 288 4572; x_wconf 81' lang='lat'>7,</span> <span class='ocrx_word' id='word_1_360' title='bbox 317 4498 344 4556; x_wconf 94' lang='grc'>1.</span> <span class='ocrx_word' id='word_1_361' title='bbox 372 4489 464 4556; x_wconf 81' lang='grc' dir='ltr'><strong><em>οἶσθά</em></strong></span> <span class='ocrx_word' id='word_1_362' title='bbox 491 4518 580 4579; x_wconf 80' lang='grc' dir='ltr'><strong><em>&lt;γε&gt;</em></strong></span> <span class='ocrx_word' id='word_1_363' title='bbox 608 4500 656 4562; x_wconf 92' lang='lat' dir='ltr'>Bl.</span> <span class='ocrx_word' id='word_1_364' title='bbox 679 4535 718 4543; x_wconf 93' lang='lat'>-</span> <span class='ocrx_word' id='word_1_365' title='bbox 744 4501 799 4561; x_wconf 91' lang='lat' dir='ltr'>Vs.</span> <span class='ocrx_word' id='word_1_366' title='bbox 822 4503 852 4563; x_wconf 88' lang='lat'>3.</span> <span class='ocrx_word' id='word_1_367' title='bbox 873 4499 956 4578; x_wconf 80' lang='grc' dir='ltr'><strong><em>οἵπερ</em></strong></span> <span class='ocrx_word' id='word_1_368' title='bbox 981 4500 1054 4578; x_wconf 85' lang='grc' dir='ltr'><strong><em>ξίφη</em></strong></span> <span class='ocrx_word' id='word_1_369' title='bbox 1075 4516 1144 4575; x_wconf 83' lang='lat' dir='ltr'>ego.</span> <span class='ocrx_word' id='word_1_370' title='bbox 1163 4500 1270 4560; x_wconf 92' lang='lat' dir='ltr'>—Vs.</span> <span class='ocrx_word' id='word_1_371' title='bbox 1296 4501 1345 4561; x_wconf 92' lang='lat'>10.</span> <span class='ocrx_word' id='word_1_372' title='bbox 1371 4500 1504 4561; x_wconf 73' lang='lat' dir='ltr'>(torreri</span> 
     </span>
     <span class='ocr_line' id='line_1_41' title="bbox 225 4596 1505 4677; baseline 0.007 -23"><span class='ocrx_word' id='word_1_373' title='bbox 225 4597 450 4674; x_wconf 84' lang='grc' dir='ltr'><strong><em>καταπάλταισι,</em></strong></span> <span class='ocrx_word' id='word_1_374' title='bbox 480 4600 560 4660; x_wconf 93' lang='lat' dir='ltr'>nihil</span> <span class='ocrx_word' id='word_1_375' title='bbox 590 4605 701 4661; x_wconf 92' lang='lat' dir='ltr'>autem</span> <span class='ocrx_word' id='word_1_376' title='bbox 733 4617 814 4676; x_wconf 91' lang='lat' dir='ltr'>opus</span> <span class='ocrx_word' id='word_1_377' title='bbox 847 4604 899 4662; x_wconf 91' lang='lat' dir='ltr'>est</span> <span class='ocrx_word' id='word_1_378' title='bbox 929 4601 1044 4662; x_wconf 85' lang='lat' dir='ltr'>Kookii</span> <span class='ocrx_word' id='word_1_379' title='bbox 1074 4602 1262 4662; x_wconf 85' lang='lat' dir='ltr'>coniectura</span> <span class='ocrx_word' id='word_1_380' title='bbox 1285 4596 1318 4659; x_wconf 77' lang='lat' dir='ltr'>tt</span> <span class='ocrx_word' id='word_1_381' title='bbox 1341 4602 1505 4677; x_wconf 86' lang='grc' dir='ltr'><strong><em>στεφανού-</em></strong></span> 
     </span>
     <span class='ocr_line' id='line_1_42' title="bbox 225 4697 1505 4780; baseline 0.005 -24"><span class='ocrx_word' id='word_1_382' title='bbox 225 4701 319 4774; x_wconf 86' lang='grc' dir='ltr'><strong><em>μεθα,</em></strong></span> <span class='ocrx_word' id='word_1_383' title='bbox 348 4713 427 4759; x_wconf 81' lang='lat' dir='ltr'>nam</span> <span class='ocrx_word' id='word_1_384' title='bbox 457 4697 690 4778; x_wconf 76' lang='grc' dir='ltr'><strong><em>ἐστεφανώμεθα</em></strong></span> <span class='ocrx_word' id='word_1_385' title='bbox 711 4726 751 4751; x_wconf 95' lang='grc'>--</span> <span class='ocrx_word' id='word_1_386' title='bbox 773 4700 875 4779; x_wconf 83' lang='grc' dir='ltr'><strong><em>ἔχομεν</em></strong></span> <span class='ocrx_word' id='word_1_387' title='bbox 900 4702 1082 4777; x_wconf 83' lang='grc' dir='ltr'><strong><em>στεφάνους,</em></strong></span> <span class='ocrx_word' id='word_1_388' title='bbox 1113 4705 1150 4763; x_wconf 79' lang='lat' dir='ltr'>ut</span> <span class='ocrx_word' id='word_1_389' title='bbox 1173 4702 1340 4778; x_wconf 83' lang='lat' dir='ltr'>praecedit</span> <span class='ocrx_word' id='word_1_390' title='bbox 1361 4703 1505 4780; x_wconf 86' lang='grc' dir='ltr'><strong><em>θώρακας</em></strong></span> 
     </span>
     <span class='ocr_line' id='line_1_43' title="bbox 224 4797 1359 4879; baseline 0.006 -21"><span class='ocrx_word' id='word_1_391' title='bbox 224 4797 650 4879; x_wconf 71' lang='grc' dir='ltr'><strong><em>ἔχομεντ-τεθωρακίσμεθα.</em></strong></span> <span class='ocrx_word' id='word_1_392' title='bbox 676 4804 713 4863; x_wconf 92' lang='lat' dir='ltr'>In</span> <span class='ocrx_word' id='word_1_393' title='bbox 738 4804 878 4864; x_wconf 90' lang='lat' dir='ltr'>eundem</span> <span class='ocrx_word' id='word_1_394' title='bbox 903 4820 1046 4865; x_wconf 89' lang='lat' dir='ltr'>errorem</span> <span class='ocrx_word' id='word_1_395' title='bbox 1070 4799 1185 4866; x_wconf 87' lang='lat' dir='ltr'>incidit</span> <span class='ocrx_word' id='word_1_396' title='bbox 1208 4804 1359 4878; x_wconf 89' lang='lat' dir='ltr'>Blaydes·</span> 
     </span>
    </p>

    <p class='ocr_par' dir='ltr' id='par_1_12' title="bbox 182 4901 1502 4982">
     <span class='ocr_line' id='line_1_44' title="bbox 182 4901 1502 4982; baseline 0.004 -22"><span class='ocrx_word' id='word_1_397' title='bbox 182 4901 233 4961; x_wconf 80' lang='lat' dir='ltr'>Fr.</span> <span class='ocrx_word' id='word_1_398' title='bbox 257 4902 287 4977; x_wconf 86' lang='grc'><strong><em>3,</em></strong></span> <span class='ocrx_word' id='word_1_399' title='bbox 313 4905 343 4962; x_wconf 87' lang='grc'>9.</span> <span class='ocrx_word' id='word_1_400' title='bbox 367 4902 437 4962; x_wconf 87' lang='lat' dir='ltr'>Nisi</span> <span class='ocrx_word' id='word_1_401' title='bbox 461 4902 663 4982; x_wconf 76' lang='grc' dir='ltr'><strong><em>σπανιώτερον</em></strong></span> <span class='ocrx_word' id='word_1_402' title='bbox 691 4908 742 4965; x_wconf 90' lang='lat' dir='ltr'>est</span> <span class='ocrx_word' id='word_1_403' title='bbox 766 4904 947 4979; x_wconf 80' lang='lat' dir='ltr'>glossema,</span> <span class='ocrx_word' id='word_1_404' title='bbox 973 4905 1058 4979; x_wconf 92' lang='lat' dir='ltr'>quod</span> <span class='ocrx_word' id='word_1_405' title='bbox 1083 4905 1241 4979; x_wconf 88' lang='lat' dir='ltr'>hodieque</span> <span class='ocrx_word' id='word_1_406' title='bbox 1266 4906 1383 4982; x_wconf 81' lang='lat' dir='ltr'>credo,</span> <span class='ocrx_word' id='word_1_407' title='bbox 1401 4907 1502 4980; x_wconf 86' lang='lat' dir='ltr'>requi·</span> 
     </span>
    </p>
   </div>
   <div class='ocr_carea' id='block_1_8' title="bbox 0 0 1756 5512">
    <p class='ocr_par' dir='ltr' id='par_1_13' title="bbox 0 0 1756 5512">
     <span class='ocr_line' id='line_1_45' title="bbox 0 0 1756 5512; baseline 0 0"><span class='ocrx_word' id='word_1_408' title='bbox 0 0 1756 5512; x_wconf 95' lang='lat' dir='ltr'> </span> 
     </span>
    </p>
   </div>
  </div>
 </body>
</html>
