3502 5512
867 353 884 411 7

255 541 314 601 bat
335 541 468 620 φάρυγξ,
496 542 545 601 sic
575 542 664 602 enim
688 542 829 603 sonabat
851 540 1081 601 nominativus
1104 539 1141 598 ut
1163 535 1288 616 λάρυγξ,
1311 532 1449 613 σάλπιγξ,
1472 533 1535 593 etc.

256 648 365 712 (casus
381 642 504 716 obliqui
522 641 658 722 φάρυγος
682 644 770 717 etei,
796 644 829 702 et
858 641 975 701 deinde
1004 639 1033 698 τί
1054 636 1092 698 liv
1119 629 1343 713 <άντ>είποιρί
1366 633 1423 706 ἴση
1442 632 1533 695 285

255 744 361 805 otiose
381 744 430 805 Bl.
455 748 491 804 ut
514 760 610 804 suam
633 744 753 818 repetit
776 743 859 803 coni.
884 758 995 803 meam
1014 736 1115 801 τουτί’
1131 740 1305 817 Ποιήμασιν
1325 737 1387 798 del.
1407 734 1534 797 Kaibel.

210 846 262 907 Fr.
290 847 363 922 187,
390 847 406 906 1
432 861 479 921 sq.
512 845 618 905 Verba
643 859 708 905 non
731 847 856 904 temere
881 843 963 903 heus
987 843 1161 917 aliquando
1184 842 1272 902 iacta
1295 840 1329 900 in
1351 839 1535 898 Porsonum

258 949 334 1009 vino
364 948 438 1023 plue
468 962 572 1022 aequo
596 947 833 1021 indulgentem.
857 978 899 986 -
924 944 980 1005 Vs,
1012 945 1031 1004 3
1066 944 1258 1015 κοτυλίσκους
1289 956 1347 1016 pro
1374 938 1536 1008 καδίσκους

257 1050 305 1111 Bl.
330 1049 393 1110 Gur
416 1050 562 1124 quaeso?

212 1154 263 1213 Fr.
291 1152 364 1227 188,
390 1152 420 1211 2.
460 1150 616 1210 sufficere
646 1151 776 1211 videtur
808 1149 990 1211 casauboni
1021 1150 1104 1211 coni.
1138 1156 1191 1226 τῆς
1221 1143 1411 1225 ἠλιθιότητός
1444 1160 1529 1206 <τε>

256 1262 307 1331 τῆς
332 1251 411 1329 ἐμῆς.
436 1253 639 1314 Coniecturis
663 1253 803 1313 accessit
827 1251 1021 1312 Kaibeliana
1043 1259 1095 1328 τῆς
1118 1247 1318 1328 ἠλιθιωτοίτης
1341 1247 1421 1325 ἐμῆς.

212 1357 264 1416 Fr.
291 1356 363 1416 190.
387 1355 488 1415 Recte
511 1355 563 1415 hie
586 1359 620 1415 et
641 1354 806 1414 similibus
829 1354 924 1430 locis,
949 1352 1004 1413 ubi
1028 1345 1086 1428 ἆρα
1109 1353 1242 1427 ponitur
1262 1351 1370 1426 initio,
1395 1349 1537 1422 Blaydee

257 1457 350 1533 ponit
378 1457 511 1531 signum
541 1456 776 1531 interrogandi.
803 1489 842 1499 -
867 1455 980 1515 Nauck
1012 1456 1093 1515 citat
1122 1454 1295 1516 Afranium
1325 1454 1389 1513 411
1415 1467 1445 1525 p.
1472 1449 1534 1510 217

258 1559 350 1620 Ribb.
375 1561 459 1618 tem
478 1559 624 1619 arcula
647 1562 719 1618 tua
741 1557 861 1633 plene
885 1560 952 1618 est
971 1571 1230 1617 aranearum.
1252 1555 1413 1614 Themist.
1427 1551 1537 1613 XVIII

258 1680 289 1738 p.
314 1662 375 1721 221
391 1662 427 1720 Β.
452 1660 486 1718 αί
507 1665 666 1737 σιτοθῆκαι
690 1656 793 1736 μεσταὶ
823 1657 951 1738 εὐρῶτος
975 1655 1026 1717 καὶ
1053 1655 1213 1737 ἀραχνίων.
1245 1655 1365 1716 Theod.
1390 1654 1477 1729 Hyrt
1505 1654 1538 1713 in

258 1764 391 1832 Notices
415 1765 449 1824 et
471 1762 563 1825 Extr.
591 1763 619 1820 V
642 1779 672 1838 p.
698 1763 762 1822 733
788 1758 853 1837 ἐμοὶ
880 1756 913 1819 dl
935 1758 971 1819 τὰ
994 1756 1072 1839 ἄγγη
1094 1756 1167 1820 κενὰ
1190 1755 1241 1817 καὶ
1265 1755 1415 1835 ἀραχνίων
1438 1753 1537 1832 μεστοί.

259 1866 461 1940 stupendam
485 1866 547 1926 viri
570 1864 775 1926 admirabilis
798 1863 1033 1924 eruditionem!

215 1967 267 2027 Fr.
295 1968 368 2027 196.
407 1965 691 2042 „Comoediam
726 1966 881 2026 audimus
914 1965 1082 2039 inegone
1112 1978 1200 2024 nova
1229 1961 1392 2036 quaedam
1422 1961 1539 2035 poetae

259 2069 396 2129 inventa
419 2069 650 2144 corripientem
675 2070 773 2142 atque
796 2082 893 2128 veras
916 2074 970 2125 τοῦ
991 2065 1146 2149 κωμῳδεῖν
1166 2065 1239 2125 vias
1259 2061 1539 2124 monstrantem.”

261 2170 296 2231 Ο.
322 2169 467 2231 crusina.

217 2274 268 2333 Fr.
296 2273 368 2333 196.
393 2271 501 2347 θάψον
524 2270 577 2332 vel
599 2269 693 2346 θάψω
717 2285 774 2344 pro
797 2267 917 2349 γράψον
941 2266 1013 2328 vult
1036 2267 1187 2341 Bleydes.
1211 2266 1352 2327 Multum
1376 2266 1499 2327 dubito.

219 2374 270 2434 llr.
298 2374 371 2447 197,
399 2376 427 2434 1.
462 2377 560 2450 τυχεῖν
590 2387 648 2446 pro
678 2374 778 2449 λαχεῖν
811 2370 861 2431 Bl.
896 2370 954 2430 aut
984 2368 1165 2439 νεωσοίκους
1195 2371 1294 2446 λαχεῖν
1325 2363 1397 2428 οὐδὲ
1419 2366 1540 2438 κάννας.

262 2475 406 2536 Causam
430 2490 495 2536 non
519 2475 690 2549 perspicio.

217 2577 268 2636 Nr.
296 2576 369 2636 198.
401 2575 449 2635 Bl.
481 2570 543 2651 κάμ’
577 2573 634 2652 ἔτη
665 2574 792 2650 ξυνίετε,
821 2573 948 2635 abiecto
972 2570 1102 2652 ῥήματα,
1124 2571 1210 2646 quod
1234 2570 1359 2632 addidit
1382 2570 1540 2630 Meineko.

261 2677 323 2737 Sed
352 2676 494 2738 fortasse
525 2676 607 2736 nihil
635 2676 819 2737 addendum
847 2679 899 2736 est
930 2676 963 2736 et
990 2674 1072 2735 nihil
1096 2673 1304 2735 mutandum.
1329 2673 1430 2733 Recte
1453 2672 1541 2732 idem

261 2779 427 2854 improbat
440 2778 565 2839 'Kockii
588 2778 673 2838 coni.
696 2777 811 2836 θεαταί.

216 2881 267 2941 Fr.
296 2882 369 2956 199,
396 2882 424 2941 1.
455 2880 524 2940 Del.
548 2879 650 2940 Cobet
669 2879 827 2954 probante
851 2877 1011 2955 Nauckio,
1041 2878 1096 2952 qui
1120 2893 1169 2937 va.
1194 2878 1213 2936 2
1238 2877 1308 2937 iure
1332 2874 1543 2937 commendat

258 2982 435 3042 lectionem
467 2978 562 3051 τέκοις
592 2984 624 3041 et
654 2982 687 3040 in
712 2981 952 3055 epigrammate
977 2995 1052 3040 cum
1076 2978 1237 3040 Neinelrio
1260 2978 1397 3051 requirit
1419 2972 1542 3035 ὠδώδει.

215 3084 267 3143 Fr.
293 3083 368 3142 201.
392 3082 480 3143 Ante
503 3083 552 3143 Bl.
577 3097 637 3157 ego
660 3083 804 3142 formam
828 3083 965 3142 atticam
989 3084 1158 3142 vetustam
1183 3077 1325 3158 βορέας
1349 3078 1423 3140 coll.
1444 3078 1541 3152 Vesp.

262 3185 347 3244 1124
366 3184 607 3244 commendavi.
628 3186 743 3261 Βορρᾶς
760 3182 884 3245 habent
903 3184 1049 3245 iuniores
1066 3183 1192 3244 comici.
1219 3181 1265 3243 Of.
1286 3180 1407 3242 Iacobii
1426 3179 1540 3240 Index.

217 3285 268 3345 Fr.
294 3286 370 3360 208,
396 3286 426 3345 2.
459 3285 530 3345 Vid.
562 3284 648 3345 inira
678 3286 718 3345 ad
743 3285 988 3346 Anaxandridis
1011 3284 1050 3345 ir.
1076 3286 1106 3344 4.
1132 3284 1187 3344 Vs.
1212 3284 1231 3342 3
1255 3297 1314 3357 pro
1338 3284 1543 3341 Διονυσοκου-

262 3386 369 3465 ράνον
394 3388 575 3463 compluria
598 3389 707 3448 tentat
729 3387 777 3447 Bl.
802 3402 832 3462 p.
859 3388 890 3449 9.

217 3489 268 3550 Fr.
294 3487 359 3548 210
383 3487 481 3548 Ludit
503 3489 552 3549 Bl.
577 3485 651 3547 ἀλλὰ
673 3487 832 3559 παίζουσιν
854 3485 988 3566 λέγοντες
1017 3484 1067 3563 ,ἐς
1089 3485 1228 3565 βόθυνον
1253 3479 1405 3545 ἄπιέναι”.

216 3590 269 3649 Fr.
295 3590 370 3648 216.
395 3588 649 3668 δελεάστρ<ι>αν
673 3589 798 3649 Polluci
820 3589 960 3649 reddidit
982 3589 1031 3649 Bl.

218 3691 269 3750 Fr.
296 3690 371 3750 218.
395 3684 509 3767 αἴρεσθ’
535 3691 656 3751 habere
680 3691 820 3750 Bekkeri
843 3689 988 3750 codicem
1009 3690 1094 3750 etin
1114 3691 1235 3750 Anecd.
1256 3690 1328 3750 Per.
1341 3688 1387 3749 IV
1398 3704 1429 3763 p.
1445 3688 1541 3764 103,1

263 3792 328 3866 legi
351 3791 473 3870 αἴρεσθε
496 3796 531 3853 et
552 3793 656 3870 λαβεῖν
680 3793 810 3852 monuit
833 3791 957 3852 Nauck.

219 3894 270 3955 Fr.
297 3894 372 3954 219.
404 3894 468 3953 Vix
496 3897 571 3968 apte
594 3893 728 3968 σφάδαζε
751 3893 829 3964 (imo
853 3891 996 3974 σφάάρζε)
1019 3892 1083 3968 ΒΙ.,
1108 3892 1165 3967 qui
1188 3894 1265 3953 ente
1288 3894 1408 3954 melius
1432 3889 1544 3968 proba·

264 3998 357 4056 verat
381 3996 587 4056 Kockianum
611 3995 766 4071 σκύρθιζ.

220 4097 271 4157 l'r.
295 4096 372 4170 221,
398 4097 426 4157 2.
451 4097 577 4157 Tuebar
600 4097 760 4158 traditam
784 4096 978 4171 lectionem,
1002 4096 1161 4171 probante
1184 4096 1233 4157 Bl.

221 4199 271 4258 Fr.
297 4198 372 4273 222,
398 4199 418 4258 3
447 4189 539 4275 ἦλθες
564 4189 619 4257 οὖν
651 4195 836 4273 ἀσμένοις
864 4198 1004 4272 tentavi,
1037 4199 1153 4274 postea
1184 4197 1232 4258 Bl.
1257 4188 1317 4256 ὧδ’
1344 4192 1484 4272 ἁσμένοις
1512 4199 1545 4256 ei

263 4299 330 4359 alia
349 4301 510 4373 quaedam
534 4317 563 4375 p.
577 4301 611 4375 8,
638 4296 726 4360 recte
749 4300 891 4371 haerens
909 4299 942 4358 in
961 4296 1069 4375 σαφές,
1088 4300 1173 4373 quod
1193 4315 1250 4375 pro
1270 4306 1374 4372 σαφῶς
1394 4297 1457 4357 dici
1481 4311 1546 4355 non

264 4401 418 4475 potuerit.
443 4401 517 4461 scil.
542 4401 661 4462 dicitur
684 4404 743 4461 aut
765 4393 834 4459 olio
858 4409 961 4475 σαφῶς
986 4404 1045 4461 aut
1067 4399 1099 4459 τὸ
1119 4399 1222 4475 σαφές.
1246 4399 1329 4460 Male
1354 4397 1445 4458 Kock
1466 4398 1547 4458 citat

266 4502 446 4562 Photius
488 4503 540 4563 De
579 4506 695 4563 metr.
738 4519 768 4577 p.
804 4502 879 4562 296.
916 4501 1029 4561 Nauck
1066 4501 1158 4578 „imo
1194 4501 1316 4562 Marius
1354 4499 1481 4561 Plotius
1515 4514 1545 4574 p.

269 4603 345 4679 524,
360 4603 402 4663 20
426 4604 488 4665 Κ.”

221 4706 274 4766 Fr.
300 4705 374 4764 221.
404 4706 548 4767 Pollucis
578 4704 647 4766 cod.
679 4706 775 4765 Laur.
805 4705 942 4764 docente
966 4704 1090 4764 Maesio
1118 4703 1216 4765 habet
1239 4705 1547 4782 ίαχνοκαυστεῐν

270 4805 324 4884 μὲν
358 4804 416 4882 ἔφη
452 4809 601 4885 Κρατῖνος
635 4805 667 4865 ἐν
702 4805 882 4889 Τροφωνίῳ,
916 4803 1097 4884 Μένανδρος
1126 4802 1157 4865 δὲ
1189 4803 1221 4865 ἐν
1246 4804 1375 4887 Θεττάλχ
1398 4802 1548 4881 λύχνων

270 4907 378 4982 ἆφοίς.
414 4907 460 4968 (11.
493 4908 613 4968 Herod.
647 4907 708 4966 VII
733 4909 807 4968 215.
839 4907 931 4968 Diod.
956 4908 1019 4968 Sic.
1043 4906 1123 4967 XIX
1155 4907 1198 4967 20
1228 4903 1293 4977 περὶ
1319 4905 1435 4981 λύχνων
1459 4900 1548 4976 ἆφσίς.
