3502 5512
892 339 954 398 196

261 523 312 584 Fr.
338 526 367 599 ὅ,
395 525 422 583 1.
448 523 485 583 V.
510 523 531 583 l.
556 520 598 581 ὢν
632 524 774 598 praefert
808 523 856 584 Bl.
883 556 922 566 -
947 523 1003 584 Vs.
1028 525 1058 582 3.
1095 517 1127 579 δὲ
1158 536 1215 596 pro
1245 516 1302 597 γὰρ
1332 523 1459 580 temere
1482 518 1583 578 idern.

306 627 360 686 VS.
386 630 415 687 6.
448 629 570 687 Person
599 626 756 700 supplens
786 624 883 703 ὥσπερ
914 622 945 684 ἐκ
968 623 1164 699 κελεύσματος
1187 623 1308 682 melius
1331 619 1508 696 κελεύματος
1531 619 1583 679 de·

305 728 418 789 disset.
446 763 482 771 -
509 730 563 788 VS.
589 729 608 787 8
641 748 670 786 τε
700 726 838 801 φαίνεται
868 743 926 802 pro
957 724 1094 802 ἐφαίνετο
1127 740 1191 786 non
1222 727 1311 784 recte
1342 724 1390 784 Bl.
1415 722 1463 783 Of.
1489 738 1537 782 VS.
1566 724 1582 781 l

306 826 484 907 ἐσφαίριζεν.

258 977 416 1045 Critonis
438 980 477 1040 fr.
499 981 529 1054 3,
551 980 581 1039 3.
606 976 656 1036 καὶ
679 987 857 1055 φορμιῶσαι.
882 978 1044 1038 Headlam
1081 981 1133 1051 ,to
1157 977 1257 1037 break
1281 993 1323 1052 up
1346 977 1396 1036 ior
1418 975 1584 1049 raggots”.

305 1082 350 1142 At
379 1081 492 1157 φορμοί
522 1079 690 1140 ecalamo
721 1079 856 1154 flebant,
890 1095 955 1139 non
988 1094 1104 1152 naves,
1136 1082 1173 1140 ut
1200 1079 1354 1154 arbitror,
1386 1093 1446 1138 nec
1469 1091 1584 1152 provo-

305 1183 372 1243 cari
395 1185 504 1257 potest
523 1181 563 1240 ad
586 1196 696 1240 serum
717 1181 871 1254 Diogenis
892 1181 1012 1240 Laertii
1038 1181 1266 1240 testimonium
1290 1176 1401 1256 φορμοὶ
1423 1187 1482 1237 τῶν
1506 1199 1585 1255 φρο-

305 1283 407 1362 γολιαν
425 1282 573 1343 dicentis
593 1282 683 1342 Idem
708 1283 847 1342 coniecit
870 1280 1145 1359 κάφορμιᾰοαι
1168 1285 1221 1356 ,to
1241 1280 1585 1356 sitidleintheport”

305 1401 346 1445 on
370 1385 426 1444 the
449 1384 590 1457 analogy
613 1383 648 1442 of
668 1388 859 1459 φθειριᾶσαι,
889 1399 927 1443 as
949 1391 1184 1460 αεριιιροικτιᾶν,
1215 1380 1435 1459 περιχονδριᾶν,
1466 1376 1585 1456 ὠμοκα-

306 1486 383 1545 trev.
403 1487 472 1545 Hoc
493 1484 614 1544 saltem
634 1485 778 1557 speciem
800 1484 909 1545 habet.
930 1485 1004 1559 lpse
1017 1484 1182 1557 quondam
1196 1484 1350 1559 proposui
1370 1480 1585 1560 κάνεχορολ-

306 1590 434 1644 οασθα
444 1608 468 1659 ι,
487 1585 544 1645 sed
559 1584 730 1644 violentior
743 1588 795 1645 est
808 1587 960 1646 mutatio.
974 1619 1012 1626 —
1029 1585 1084 1645 Vs.
1101 1587 1128 1645 λ.
1142 1585 1257 1645 Kockii
1272 1585 1459 1645 coniectura
1470 1588 1587 1654 θακῶν,

307 1703 405 1762 quarn
437 1702 494 1762 pro
525 1683 638 1745 οὔκουν
662 1679 681 1744 ι’
716 1689 823 1747 textui
848 1688 973 1761 intulit,
998 1687 1150 1747 nonnisi
1178 1687 1262 1746 seris
1285 1686 1462 1746 admodum
1487 1686 1587 1745 buius

306 1790 431 1849 formae
454 1803 512 1862 pro
534 1786 677 1863 θυτήρων
700 1789 902 1848 testimoniis
925 1788 1051 1848 nititur.
1080 1788 1295 1847 Praetulerim
1321 1787 1488 1861 Blaydesii
1511 1809 1586 1845 ναο-

306 1899 378 1959 τιῖοο,
400 1890 457 1950 sed
482 1888 596 1949 eodem
621 1889 691 1949 iure
716 1887 809 1960 ξένων
834 1890 882 1949 vel
908 1887 1029 1966 ἀνδρῶν
1053 1890 1250 1964 suspiceris,
1277 1889 1357 1948 certi
1381 1887 1475 1947 nibil.

262 2038 475 2104 Tirnostrati
501 2041 551 2100 Fr.
577 2043 606 2116 6,
633 2042 662 2100 2.
696 2041 744 2100 Bl.
777 2031 874 2116 ὧοαερ
906 2039 1019 2117 ἔχομεν.
1051 2040 1121 2100 Νοα
1153 2039 1280 2100 accede.
1314 2039 1414 2098 Recte
1438 2037 1586 2112 explicat

306 2142 406 2201 Kock.
432 2141 632 2214 colloquitur
655 2157 773 2217 parcus
796 2158 900 2202 senex
924 2158 1000 2202 cum
1024 2142 1158 2218 prodigo
1182 2141 1400 2201 adolescente.

265 2291 435 2357 liemetrii
459 2292 497 2352 ir.
526 2294 553 2368 1,
579 2293 612 2352 6.

562 2385 628 2468 παρ’
657 2395 831 2470 Ἀγαθοκλεῖ
850 2388 883 2451 δὲ
906 2401 1021 2469 πρῶτος
1046 2387 1186 2471 εἰσήνεγκ’
1215 2389 1271 2471 ἐγὼ

563 2502 601 2574 τῷ
624 2493 787 2576 Σικελιώτῃ
811 2492 865 2570 τὴν
889 2494 1135 2572 τυραννικὴν
1160 2503 1272 2572 φακῆν.

309 2596 371 2656 Cur
405 2594 611 2673 ουραννιιιήνῗ
647 2595 697 2654 An
732 2597 817 2668 quod
853 2596 1052 2670 Agathocles
1082 2601 1244 2671 tyrannus
1275 2597 1368 2656 erat?
1404 2596 1490 2654 Num
1524 2597 1588 2657 boc

309 2697 454 2757 suflicit?
478 2698 607 2758 Dubito.

265 2844 437 2929 Dioxippi
461 2847 499 2907 fr.
525 2851 555 2909 5.
581 2848 629 2908 Bl.
655 2849 822 2923 proponit:

1145 2986 1184 2995 —
1210 2950 1315 3029 ἔλαβεν

530 3049 664 3110 ἔπειτα
689 3050 745 3111 δύο
770 3059 934 3127 ψυκτῆρας.

308 3166 423 3225 parum
454 3151 673 3226 probabiliter,
706 3168 783 3212 nam
812 3152 970 3212 traditum
995 3150 1142 3224 ἐξιτάτους
1165 3153 1352 3228 significare
1370 3153 1404 3225 i}
1429 3146 1490 3212 εἶτα
1515 3153 1587 3225 τοὺς

308 3266 404 3311 nemo
435 3266 500 3311 non
531 3253 631 3327 videt,
657 3269 720 3327 quo
748 3257 842 3328 pacto
866 3258 977 3315 autem
1003 3271 1118 3315 versus
1142 3257 1336 3316 restituendi
1360 3257 1428 3315 sint
1451 3254 1587 3316 difficile

308 3354 396 3412 dictu
427 3357 486 3414 est.
519 3354 662 3414 Priorem
694 3356 831 3415 desiisse
861 3356 893 3415 in
922 3353 950 3426 ἕξ
975 3358 1057 3416 satis
1082 3358 1261 3432 probabile,
1286 3358 1342 3417 sed
1367 3357 1586 3430 posteriorem

309 3470 372 3513 non
396 3456 502 3529 magis
526 3456 685 3530 corrigere
707 3473 844 3531 possum
868 3473 966 3530 quam
991 3460 1098 3531 potuit
1122 3459 1280 3519 Meineke.
1305 3460 1374 3518 Hoc
1395 3459 1489 3517 video
1509 3460 1586 3518 arti-

308 3557 379 3616 culo
404 3556 511 3616 locum
535 3572 600 3616 non
624 3573 707 3617 esse.

264 3703 433 3789 Stephani
459 3708 498 3767 fr.
524 3708 555 3766 4.

532 3809 562 3865 B.
586 3807 626 3878 εἷς
651 3805 700 3878 τὰς
719 3802 872 3880 Ῥοδιακὰς
897 3809 964 3880 ὅλος
989 3808 1167 3889 ἀπηνέχθην
1193 3809 1248 3891 ἐγὼ

585 3907 634 3966 καλ
659 3908 728 3980 τοὺς
752 3908 900 3987 ἐφήβους,
923 3913 1040 3985 Σωσία,
1063 3912 1132 3984 τοὺς
1157 3914 1370 3992 δυσχερεῖς.

308 4011 381 4085 Qui*
398 4010 541 4083 loquitur
571 4010 669 4070 homo
696 4012 877 4072 dissolutus
901 4014 981 4072 nihil
1006 4016 1142 4075 curabat
1165 4016 1228 4076 nisi
1253 4018 1369 4092 pocula
1391 4021 1425 4077 et
1447 4032 1584 4092 pueros,

309 4127 372 4170 non
397 4128 600 4188 morosos,
634 4116 758 4189 opinor,
790 4119 823 4174 et
854 4116 1078 4190 difficiles
1104 4119 1160 4177 sed
1185 4118 1302 4178 leves
1325 4119 1584 4194 facilesque,

308 4200 418 4285 naque'
459 4218 573 4288 poetae
616 4215 813 4275 reddiderim
857 4215 1038 4293 εὐχερεῖς.
1081 4219 1226 4293 Utroque
1269 4221 1431 4281 adiectivo
1466 4224 1584 4283 comici

308 4317 456 4374 utuntur.

263 4460 445 4528 Stratonis
469 4466 507 4525 ir.
535 4468 562 4540 l,
588 4468 617 4525 3.
649 4465 779 4542 σοολημι.
813 4469 860 4526 Bl.
895 4469 972 4543 ,Qu
997 4478 1121 4546 οοοῆιια.
1154 4472 1283 4532 Voealis
1308 4489 1316 4531 r
1342 4476 1583 4550 correptionem

308 4582 372 4625 non
405 4567 576 4626 miraberis
608 4568 639 4624 in
664 4583 701 4627 eo
726 4569 778 4640 qui
806 4570 949 4629 mediam
974 4571 1006 4630 in
1031 4572 1098 4631 θύω
1124 4576 1259 4649 corripit
1282 4591 1334 4634 vv.
1363 4578 1414 4636 19.
1439 4578 1515 4636 20”.
1544 4612 1582 4621 -

308 4667 362 4726 VS.
389 4673 417 4727 5.
449 4668 544 4739 εὐθὺς
568 4663 593 4742 μ’
621 4666 790 4744 ἐπηρώτησε
814 4671 1005 4749 προσβλέψας
1031 4671 1112 4751 μέγα.
1145 4676 1264 4735 Utrum
1289 4676 1486 4755 προσβλέπειν
1509 4676 1585 4758 μέγα

307 4771 490 4844 significare
521 4775 642 4844 potest,
675 4773 758 4843 ‹nrod
792 4788 851 4831 nos
883 4774 1024 4833 dicimus
1048 4779 1212 4850 magnis
1236 4778 1372 4837 oculis
1395 4779 1584 4852 aliquem

308 4871 543 4945 adspicere,
581 4873 673 4931 errius
710 4888 789 4931 usus
825 4875 978 4949 exempla
1015 4893 1067 4935 me
1098 4877 1266 4954 deficiunt,
1301 4895 1342 4939 an
1372 4881 1483 4954 potius
1509 4880 1585 4960 μέγα
