3502 5512
885 364 927 428 68

245 555 296 617 Fr.
321 558 374 616 69.
400 553 460 614 cst.
485 553 533 614 Bl.
566 553 606 613 de
641 551 812 627 proverbio
847 551 970 612 Cratini
1000 550 1038 610 ir.
1067 551 1116 610 16.
1148 547 1268 622 Tangit
1298 546 1400 607 etiam
1430 543 1569 603 Plautus

289 658 321 727 (i.
347 673 374 717 e.
398 656 583 725 Philemon)
606 655 738 716 Mercat.
764 656 869 715 eoeR

379 759 512 818 Senex
536 770 656 830 quom
680 756 891 831 extemplo
916 757 999 816 iam
1023 769 1097 815 nec
1120 751 1259 813 sentit
1281 766 1355 812 nec
1378 748 1510 825 sapit,

378 860 509 919 Aiunt
532 857 673 919 solere
697 874 788 918 eum
812 873 955 919 rusum
979 868 1296 931 repuerascere.

244 964 296 1024 Fr.
321 962 374 1022 70.
399 958 455 1020 οὐκ
478 957 600 1038 ἐκφορά.
623 958 670 1020 Oi.
695 974 779 1034 quae
801 960 920 1034 scripsi
942 960 976 1018 in
999 958 1105 1018 lexico
1129 971 1203 1016 meo
1226 954 1428 1031 suppletorio
1451 955 1485 1012 et
1504 951 1568 1011 dia·

288 1063 404 1123 lectico
427 1077 453 1120 s.
468 1075 498 1121 r.
523 1056 666 1137 ἀποφοοολ
693 1061 783 1120 etin
807 1060 1004 1136 Appendice.

245 1164 297 1224 Fr.
321 1164 374 1223 73.
399 1161 447 1222 Bl.
476 1156 522 1222 <d
545 1159 602 1240 γὰρ
628 1161 679 1222 vel
703 1156 719 1220 ὅ
743 1155 805 1223 δ’>
834 1160 1056 1238 αἷμασιολογεῖν
1079 1154 1136 1218 ιιτὲ.
1168 1157 1285 1234 Quidni
1312 1149 1454 1218 <ἆλλ’>ἳ
1476 1152 1570 1213 Talia

290 1264 423 1324 restitui
445 1265 621 1337 nequeunt.

246 1366 297 1427 Fr.
323 1368 375 1426 75.
399 1365 448 1426 Bl.
471 1363 619 1423 δεσπότου
642 1360 836 1422 πενέσται.
865 1364 1061 1438 Suspectum
1093 1365 1145 1423 est
1168 1358 1258 1440 ῥυσὰ,
1280 1360 1337 1421 sed
1360 1373 1477 1435 parum
1500 1371 1569 1432 pro-

292 1466 413 1527 babilia
435 1481 518 1540 quae
543 1466 683 1527 coniecit
704 1463 793 1524 πιστὰ
817 1468 851 1526 ολ
875 1464 968 1526 δόλια.

247 1568 298 1627 Fr,
325 1568 377 1627 78.
401 1566 483 1628 Poll.
507 1566 538 1626 II
560 1567 600 1626 18
624 1562 674 1624 nol
693 1570 796 1644 γραῖα,
815 1563 865 1624 καὶ
881 1562 920 1637 ὡς
943 1563 1121 1640 Θεόπομπος
1141 1560 1318 1640 ὁκοομικός,
1340 1560 1572 1641 πρεσβῦτις,

291 1667 493 1742 φίλοινος,
516 1667 686 1743 μεθύση,
709 1666 942 1746 οἰνοκάχλη,
967 1665 1122 1745 κοχώνη
1146 1663 1319 1743 (οἰνομάχλη
1342 1662 1476 1743 κοχλώνη
1496 1664 1546 1733 Α).

334 1769 449 1830 Deleto
473 1772 510 1829 ut
532 1769 734 1844 glossemate
757 1768 892 1845 φίλοινος
916 1780 998 1830 cum·
1015 1768 1153 1843 Koclrio,
1176 1768 1302 1842 possis:

479 1871 639 1949 πρεσβῦτις
664 1868 728 1947 (ἥδε
753 1871 803 1932 vel
828 1867 903 1941 ἐστί)
927 1867 1076 1948 μέθυσος,
1102 1869 1264 1947 οἰνομάχλη
1287 1855 1348 1930 υἱ

482 1958 543 2032 eL
567 1972 734 2050 noxoivnffl

291 2072 410 2132 Ultimi
432 2072 580 2133 vocabuli
599 2074 712 2148 procul
742 2073 840 2133 dubio
864 2074 1008 2148 corrupti
1031 2074 1159 2133 incerta
1177 2073 1308 2147 quidem
1330 2074 1381 2132 est
1401 2071 1573 2151 correctio,

291 2175 439 2234 maxime
462 2177 575 2235 temen
607 2173 689 2234 mihi
720 2174 928 2236 abblanditur
958 2173 1309 2251 Kuhniiconi.1dv21‚
1337 2187 1420 2246 quae
1444 2171 1473 2231 si
1496 2185 1574 2232 vera

290 2277 355 2352 est,
388 2274 428 2336 ab
459 2276 520 2336 hoc
552 2277 672 2352 incepit
703 2277 788 2338 alter
819 2277 1019 2350 versiculus;
1043 2277 1132 2352 prior
1155 2275 1242 2336 finiri
1264 2276 1373 2351 potuit
1397 2288 1469 2334 πο.
1494 2287 1573 2333 voce

292 2376 398 2453 κάδος,
421 2377 467 2448 ei,
492 2383 529 2439 ut
552 2379 648 2440 hodie
675 2380 836 2455 solemus,
870 2395 944 2439 vas
979 2378 1189 2438 vinarium
1214 2376 1375 2438 eiusmodi
1399 2374 1573 2435 mulierem

293 2479 424 2539 vocavit
455 2483 566 2555 poeta,
599 2480 880 2554 quomadmodum
910 2478 1001 2551 ἀσκός
1025 2480 1198 2555 usurpavit
1229 2479 1433 2553 Antiphanes
1456 2477 1495 2537 ir.
1523 2476 1573 2537 19.

294 2580 428 2639 scatent
447 2583 559 2641 autem
580 2583 697 2642 comici
716 2582 830 2643 Graeci
850 2586 883 2643 et
902 2583 1011 2642 Latini
1025 2582 1107 2642 locis
1119 2582 1159 2642 de
1171 2581 1362 2656 mulierum,
1387 2578 1575 2639 vetularum

293 2682 469 2756 imprimis,
495 2682 705 2759 temulentia,
731 2685 816 2758 quod
833 2685 953 2744 vitium
972 2684 1168 2759 procedente
1189 2686 1299 2744 aetate
1321 2681 1460 2757 gliscere
1479 2678 1573 2741 solet.

249 2785 300 2845 Fr.
325 2784 377 2843 80.
402 2785 647 2844 inconsiderate
667 2785 715 2844 Bl.
736 2787 870 2860 opponit
889 2786 1027 2845 Nauckii
1047 2785 1241 2845 correctioni
1258 2780 1419 2861 ὀρνιθείων
1435 2781 1574 2858 λεκάνην,

293 2884 377 2959 quod
401 2899 440 2944 ea
463 2886 563 2945 verba
587 2887 619 2944 in
651 2888 804 2947 trimetro
827 2887 937 2947 locum
963 2887 1082 2947 habere
1105 2901 1169 2946 non
1193 2889 1339 2960 possent.
1372 2884 1472 2961 Quasi
1495 2897 1573 2944 vero

291 2986 325 3047 in
349 2987 526 3047 comoediis
549 3001 614 3047 non
637 2991 767 3047 extaret
791 2992 934 3048 metrum
960 2988 1224 3063 anapaesticumi

248 3089 299 3148 Fr.
324 3090 375 3149 83.
411 3084 550 3164 ἀντήλιος
585 3090 724 3163 requirit
757 3089 806 3151 Bl.
838 3090 932 3150 Hanc
962 3105 1042 3150 sane
1073 3090 1218 3151 formam
1250 3091 1386 3151 atticam
1418 3103 1492 3149 esse
1526 3087 1574 3147 ait

293 3190 508 3264 Phrynichus.
534 3189 579 3251 Cf.
604 3188 789 3268 ἀπηλιώτης,
811 3189 912 3269 ἔπηλις
937 3196 998 3252 etc.
1022 3190 1159 3252 Difficile
1184 3196 1297 3253 autem
1316 3193 1349 3252 in
1366 3192 1419 3251 his
1438 3189 1571 3265 glossis,

293 3292 347 3352 uhi
377 3307 506 3353 merum
538 3307 659 3353 nornen
691 3294 921 3368 Theopompus
952 3295 1083 3369 citatur,
1114 3294 1233 3369 ubique
1263 3293 1466 3368 distinguere
1496 3290 1574 3366 quid

291 3393 462 3468 historico,
487 3394 562 3467 quid
587 3397 704 3469 poetae
727 3394 939 3455 tribuendum
964 3396 1019 3457 sit.

248 3494 298 3555 Fr.
324 3496 377 3555 84.
413 3492 639 3572 ἀποδοθήσεται
670 3496 809 3557 coniecit
832 3496 880 3557 Bl.
913 3498 1043 3557 Revera
1066 3493 1300 3574 ἀπιονηθήσεται
1324 3511 1483 3570 umquam
1511 3495 1574 3556 dici

292 3596 439 3671 potuisse
462 3611 520 3670 pro
543 3595 722 3675 πεπράσεται
747 3612 882 3672 prorsus
906 3597 1105 3658 incredibile.

247 3697 298 3758 Fr.
324 3698 377 3758 95.
401 3698 538 3758 'femere
561 3696 833 3776 τονθορυστοὶ
857 3698 906 3760 Bi.
931 3698 977 3758 Cf.
1002 3700 1217 3776 τανθαρύζειν,
1240 3700 1445 3772 τανθαλύζειν.

336 3799 360 3857 Ε
386 3799 572 3859 Philetaero
596 3798 669 3860 Vat.
694 3799 785 3860 Cohn
810 3802 843 3860 in
868 3802 951 3861 llus.
976 3801 1080 3861 Rhen.
1109 3802 1193 3861 1888
1225 3818 1256 3878 p.
1281 3803 1346 3862 414
1369 3799 1572 3876 Theopompi

289 3901 488 3974 fragmentis
510 3901 650 3961 addidit:

334 3999 384 4060 καὶ
419 3999 647 4077 ἀμύνεσθαι
681 3999 815 4082 λέγοντες
841 4001 939 4063 οὐκέτι
969 4002 1024 4080 τὴν
1048 4002 1203 4080 ἄμυναν
1239 4003 1448 4086 <λέγουσιν>,
1474 4001 1501 4062 εἰ
1530 3999 1571 4079 μὴ

294 4102 471 4179 Θεόπομπος
495 4101 583 4176 ἅπαξ·
607 4102 673 4164 καὶ
697 4103 799 4182 ἔχειν
824 4106 855 4176 (l.
880 4103 1012 4183 κατέχειν
1037 4109 1095 4167 aui
1117 4103 1251 4185 πᾶχεινθ)
1275 4104 1444 4183 ἄμυναν,
1474 4105 1572 4182 ὥσπερ

290 4202 340 4262 καὶ
364 4206 533 4281 Σοφοκλῆς.
558 4205 619 4266 cst.
645 4206 801 4281 Aeschyli
825 4206 915 4278 (Poll.
940 4207 1001 4266 VH
1025 4211 1077 4277 61)
1102 4208 1268 4287 χειμάμιινα
1292 4210 1326 4268 et
1348 4205 1474 4267 εὔθυνα.
1498 4205 1571 4266 vid.

291 4307 433 4367 Lexicon
457 4322 567 4367 meum
593 4308 698 4384 suppl.
724 4324 750 4368 s.
777 4325 806 4368 v.

245 4505 366 4573 Alcaei
391 4509 429 4569 ir.
457 4511 484 4569 1.
509 4509 558 4570 Bi.
580 4510 635 4570 cit.
656 4509 772 4570 incerti
792 4514 909 4585 poetae
930 4512 1143 4574 hexametros
1163 4513 1248 4589 apud
1268 4514 1386 4574 Athen.
1404 4513 1463 4573 Vll
1477 4514 1516 4573 ei
1531 4514 1570 4588 A,

290 4613 346 4673 uhi
370 4609 537 4689 ἐφαρμόζου
562 4613 695 4686 corrigit
720 4627 778 4687 pro
803 4608 988 4691 ἐφαρμόζειν.

247 4715 297 4774 Fr.
323 4716 352 4773 2.
377 4710 470 4789 τρέχε,
493 4711 580 4789 golt,
599 4711 653 4771 ιιιὲ.
674 4729 790 4788 parum
814 4715 1025 4789 probabiliter
1049 4717 1109 4792 Bl,
1138 4717 1215 4777 licet
1237 4717 1404 4794 ιιοιάχολος
1427 4719 1466 4778 de
1491 4717 1571 4777 vitio

290 4821 480 4889 suspectum
505 4815 558 4874 sit.
584 4815 690 4875 Verbo
715 4816 931 4893 νοιαχωλε-ύειν
954 4820 1060 4878 utitur
1080 4820 1256 4894 Gregorius
1276 4820 1354 4879 Nea.
1374 4819 1445 4880 Non
1464 4819 1572 4893 magis

289 4919 453 4979 satisfacit
478 4918 560 4977 milri
585 4919 685 4979 Koclr.
