3502 5512
808 387 869 448 177

223 577 285 637 Sed
316 577 456 638 fortasse
486 575 608 638 sufficit
634 577 806 637 lenissima
828 574 936 636 Bothii
962 573 1135 634 correctio:
1164 573 1317 657 Κορινθίῳ
1338 567 1444 634 ’πίστει
1469 593 1498 634 τε

224 677 274 738 καὶ
297 678 338 755 μὴ
361 688 420 757 χρῶ
440 678 541 762 φίλῳ..

179 783 230 842 Fr.
256 784 330 842 766.
355 781 437 841 (ium
460 781 509 840 Bi.
534 780 633 856 probo
656 779 793 839 Nauckii
817 778 1066 852 correctionem,
1091 779 1204 851 spreta
1226 777 1404 839 Kockiana.

180 885 230 943 Fr.
257 884 330 943 768.
364 882 538 958 Gregorius
568 882 646 942 Naz.
671 882 717 940 111
740 897 769 957 p.
799 882 886 941 16Β.
917 876 1009 951 ὄντως
1040 876 1252 957 ἀσυλλόγιστον
1271 876 1327 937 ati.
1352 883 1385 940 et
1409 882 1497 943 Orat.

226 985 272 1044 111
296 1001 326 1061 p.
352 985 433 1044 66Β
456 978 514 1043 ἀλλ’
542 979 634 1054 ὄντως
657 980 684 1041 ἀ.
707 979 778 1057 ari„
801 982 855 1042 ubi
878 982 968 1041 Elias
990 980 1156 1042 Cretensis
1180 995 1210 1055 p.
1235 982 1298 1042 297
1312 984 1340 1040 A
1366 998 1497 1044 versum

225 1086 340 1146 tribuit
371 1085 548 1159 Phocylidi.
582 1084 706 1144 Monuit
737 1083 864 1158 Nauck,
894 1083 948 1156 qui
980 1082 1051 1142 1111.
1084 1081 1127 1140 Vi
1152 1098 1183 1156 p.
1216 1083 1276 1143 126
1309 1083 1340 1142 111
1372 1084 1501 1145 11170

225 1203 334 1248 meam
361 1187 583 1248 coniecturam
606 1185 735 1262 probat,
768 1184 841 1244 coil.
869 1184 1047 1244 Nicostrati
1079 1184 1117 1243 11.
1146 1184 1195 1258 19,
1221 1187 1252 1259 4,
1273 1200 1303 1258 p.
1329 1184 1403 1245 225.
1435 1186 1502 1261 Ego

224 1289 427 1351 contuleram
451 1288 619 1348 Menandri
641 1287 679 1346 ir.
704 1288 768 1346 411
782 1286 811 1346 b.
834 1282 1098 1362 -κάστάθμητον
1121 1286 1277 1346 audacius
1296 1286 1359 1362 Bt,
1389 1304 1501 1362 quam·

227 1392 278 1450 vis
303 1390 373 1467 ipse
396 1390 478 1450 citet
500 1389 539 1448 fr.
565 1389 628 1449 812
654 1387 742 1464 τύχης
766 1383 919 1447 ἄνοιαν.

182 1493 232 1553 Fr.
260 1493 333 1568 191,
362 1493 389 1552 l.
425 1490 495 1551 Iam
527 1489 721 1551 Dorvillium
757 1489 796 1549 ad
828 1487 1038 1549 Charitonem
1071 1489 1139 1563 14,
1166 1490 1184 1547 3
1216 1491 1292 1548 11111
1317 1489 1501 1552 Dobraeum

226 1595 258 1654 h.
272 1595 292 1653 1.
317 1593 500 1654 correxisse
523 1593 635 1651 monet
659 1590 781 1651 Nauck.

182 1697 331 1756 11196.
364 1693 557 1754 Monostichi
582 1692 646 1750 323
677 1690 855 1753 lectionem
886 1691 1152 1751 substituendam
1176 1693 1271 1765 putat
1295 1691 1342 1752 Bi.
1371 1693 1505 1756 Tradita

226 1797 257 1856 h.
278 1796 298 1855 l.
330 1795 426 1855 lectio
457 1795 556 1870 μεῖζον
583 1789 699 1852 οἰκέτου
733 1801 857 1869 φρονῶν
886 1807 951 1854 non
982 1796 1093 1867 potest
1119 1791 1318 1868 significare,
1350 1798 1387 1854 ut
1409 1801 1504 1870 putat

227 1896 331 1971 Koclr,
364 1896 431 1970 qui
463 1909 587 1970 supra
616 1909 783 1954 servum
809 1895 936 1969 sapit,
962 1894 1045 1967 quod
1070 1909 1185 1967 graece
1209 1895 1329 1954 dicitur
1355 1893 1502 1957 πλείον’

227 1995 342 2058 οἰκέτου
383 2001 522 2075 φρονεῖν,
555 1998 612 2057 sed
647 1996 813 2071 significat
847 1999 917 2071 qui
949 2012 1077 2072 supra
1111 2013 1281 2058 servum
1317 2001 1503 2074 spiritus

226 2101 348 2175 gerit.
384 2099 470 2159 Fieri
503 2100 616 2159 autem
647 2101 769 2174 potest,
803 2101 839 2158 ut
869 2102 1005 2171 utraque
1037 2099 1203 2159 sententia
1233 2099 1267 2158 in
1296 2100 1417 2162 fabulis
1442 2105 1502 2164 Ne·

228 2201 345 2261 nandri
368 2203 498 2275 reperta
521 2201 575 2261 sit.

188 2303 238 2362 Fr.
265 2303 338 2362 199.
364 2301 432 2362 Non
458 2302 576 2362 haereo
600 2301 633 2360 in
657 2299 737 2384 γήμῃ
760 2301 820 2370 (Bt.
845 2299 962 2379 γήμαι),
987 2301 1045 2361 sed
1069 2301 1101 2360 in
1126 2297 1234 2373 εὔνους
1258 2299 1336 2379 ἐμοί,
1358 2320 1416 2379 pro
1440 2322 1504 2379 quo

228 2404 393 2464 sententia
424 2403 559 2477 requirit
589 2411 648 2461 τῶν
678 2394 722 2473 οἷς
752 2400 862 2478 εὐνοῶ,
891 2403 975 2476 quod
1007 2402 1063 2461 vix
1092 2404 1289 2464 attractione
1313 2406 1374 2465 dici
1398 2408 1505 2480 potuit

228 2497 270 2564 ὧν
294 2504 403 2578 sivae,
426 2519 527 2578 quare
552 2505 630 2565 oiim
654 2504 825 2579 proposui:

517 2603 663 2683 μηδέποτε
686 2604 766 2689 γήμῃ
789 2601 865 2683 μηδὲ
889 2597 930 2676 εἷς
954 2601 1040 2681 ἐμοὶ
1063 2605 1188 2680 φίλος.

228 2723 287 2768 111
311 2707 468 2766 teniorem
492 2721 627 2780 possum
652 2706 842 2781 excogitare
865 2706 1074 2766 medicinam.

186 2809 235 2868 Fr.
261 2810 336 2869 803.
362 2809 497 2868 Temere
521 2807 568 2867 Bi.
594 2806 739 2884 δυσήνιον
761 2830 790 2867 τε
814 2811 872 2868 aut
895 2806 1045 2884 ὄύστηνόν
1068 2805 1136 2866 ἔστι.

186 2911 237 2970 Fr.
263 2911 337 2970 806.
374 2910 473 2969 Recte
508 2909 594 2969 idem
629 2908 698 2981 τοὺς
733 2926 790 2986 pro
820 2909 909 2988 πρός,
939 2925 1018 2970 nam
1048 2912 1226 2984 requiritur
1256 2915 1415 2975 articulus
1444 2933 1504 2977 nec

228 3029 381 3087 graecum
408 3014 459 3073 est
483 3009 567 3083 δίκας
591 3010 762 3088 γράφεσθαι
786 3010 860 3089 πρός
884 3034 958 3070 τινα.

185 3114 236 3174 Fr.
261 3116 335 3176 819.
368 3115 444 3174 Sine
471 3127 571 3172 causa
593 3113 680 3174 idern
703 3109 741 3170 dv
765 3111 864 3194 ῥᾷστα.
888 3112 934 3174 De
959 3113 1121 3174 industria
1144 3118 1242 3189 poeta
1265 3119 1504 3179 adnominatio-

228 3217 280 3275 nis
310 3230 410 3276 causa
440 3214 573 3288 scripsit
603 3212 750 3291 αἴσχιστα,
780 3217 813 3275 11
835 3214 946 3287 quidni
970 3212 1097 3291 αἰσχρῶς
1119 3211 1221 3292 φέρειν
1245 3238 1271 3275 τι
1295 3219 1409 3279 eodem
1435 3221 1504 3281 iure

228 3317 354 3377 dicatur
373 3332 435 3390 quo
449 3317 567 3385 1111ςῖ
587 3315 737 3375 Monetur
749 3317 858 3376 nescio
872 3316 959 3388 quis,
975 3330 1016 3375 ne
1029 3316 1151 3390 pudeat
1164 3319 1272 3392 ipsum
1285 3322 1503 3397 paupertatis,

228 3420 274 3479 rei
297 3435 354 3494 per
376 3433 412 3478 se
436 3432 500 3476 non
523 3416 731 3491 inhonestae,
756 3417 813 3477 scd
838 3432 921 3491 quae
942 3417 1059 3477 vitioso
1079 3418 1201 3491 pudore
1221 3419 1280 3480 1111
1299 3423 1502 3496 turpissima.

186 3519 235 3579 Fr.
261 3522 335 3581 813.
360 3520 408 3579 Bl.
434 3533 463 3577 v.
485 3517 505 3577 1.
538 3516 658 3599 σῴζεται
689 3522 751 3589 ταῖς
782 3515 894 3577 ἐλπίσιν
918 3520 1030 3577 tuetur
1053 3518 1145 3578 Pauli
1170 3535 1219 3594 ep.
1245 3522 1285 3581 11
1309 3522 1403 3583 Rom.
1428 3524 1504 3583 VIII

231 3623 272 3680 24
308 3621 415 3680 verbis
449 3629 484 3701 tq
518 3617 574 3697 γὰρ
609 3616 704 3677 ἐλπίδι
740 3618 868 3700 σῴζεται.
900 3620 937 3678 11
963 3618 1178 3680 Menandraea
1202 3624 1315 3682 tamen
1338 3625 1505 3684 sententia

228 3724 420 3796 expectatur
443 3722 552 3794 potius
575 3718 711 3798 βόσκεται
736 3722 787 3790 (ci.
813 3721 886 3780 Eur.
911 3720 1032 3779 Phoen.
1058 3722 1133 3795 399,
1161 3722 1279 3782 Bacch.
1304 3725 1390 3799 619),
1419 3726 1503 3798 quod

227 3824 367 3883 coniecit
390 3822 423 3882 F.
437 3823 488 3882 W.
503 3822 653 3881 Schmidt
675 3822 835 3897 probante
858 3821 1012 3881 Nauckio.

185 3923 236 3983 Fr.
261 3925 334 3984 815.
366 3920 413 3982 tat
440 3917 516 3982 τοῦτ’
549 3919 683 4000 ἐγένοντο
715 3922 836 3998 πάντες,
866 3920 965 3980 ἔνθα
988 3920 1164 3998 λήξομεν.
1195 3923 1339 3998 Recepta
1368 3926 1504 3987 Porsoni

228 4025 384 4084 correctio
408 4019 514 4082 ἐνθάδ’
541 4021 650 4099 ἥξομεν
673 4025 847 4084 obscuram
871 4022 1006 4097 praebet
1028 4025 1244 4099 sententiam,
1273 4041 1356 4099 quae
1379 4041 1444 4087 non
1467 4027 1504 4087 iit

229 4125 347 4185 clarior
369 4124 534 4198 Blaydesii
559 4127 746 4186 coniectura
769 4123 817 4184 ἐπὶ
839 4118 932 4183 τοῖσδ’
954 4124 1026 4183 sive
1044 4133 1082 4205 τῷ
1107 4119 1146 4182 t'.
1172 4125 1269 4185 Venit
1285 4128 1318 4186 in
1339 4130 1503 4188 mentem:

229 4223 360 4286 ἕκεικα
385 4222 499 4303 1111Ιού
523 4224 754 4305 παρεγένοντο
778 4226 901 4301 πάντες,
924 4218 1001 4284 ἕνθ’
1028 4223 1223 4302 ἕλε’ξαμεν.

185 4327 236 4387 Fr.
261 4330 335 4388 820.
361 4336 421 4386 πᾶν
444 4325 611 4406 τοῦργον
634 4325 734 4404 ὀρθῶς
758 4326 901 4404 ἐκμαθεῖν
924 4325 1034 4404 χρόνον
1058 4324 1137 4402 μέτα.
1161 4329 1209 4388 Β1.
1232 4337 1294 4387 πᾶν
1313 4327 1432 4389 τοῦστιν
1452 4330 1504 4391 vel

228 4439 289 4487 πᾶν
320 4427 405 4487 ἔστιν.
436 4429 572 4502 Utrique
603 4430 724 4489 saltem
756 4428 968 4504 praetulerim
1000 4421 1081 4485 πάντ’
1108 4425 1201 4505 ἔστιν,
1228 4445 1306 4490 nam
1330 4431 1363 4490 in
1387 4431 1446 4491 tali
1470 4447 1505 4492 re

229 4531 387 4591 Graecum
413 4533 465 4590 est
487 4529 598 4606 πάντα,
621 4533 658 4590 11
681 4531 835 4591 Latinum
860 4529 1007 4589 omnia.
1040 4529 1073 4588 Si
1094 4529 1229 4589 moralis
1253 4532 1419 4592 sententia
1439 4534 1503 4607 est,

229 4632 295 4692 tale
328 4633 403 4705 quid
440 4632 549 4706 procul
584 4632 681 4692 dubio
717 4632 902 4705 requiritur,
935 4630 992 4689 sed
1023 4630 1095 4702 quis
1127 4634 1273 4703 praestet
1302 4633 1383 4692 haec
1406 4632 1506 4694 verba

228 4748 293 4794 non
317 4736 472 4807 excerpta
495 4748 568 4792 esse
592 4749 609 4793 e
633 4733 716 4808 loco,
750 4733 803 4792 ubi
828 4732 986 4806 agebatur
1009 4731 1048 4790 de
1072 4734 1162 4790 certa
1185 4733 1325 4804 quadam
1349 4748 1397 4806 re,
1424 4749 1505 4807 quae

227 4849 291 4894 non
315 4835 378 4894 nisi
404 4839 551 4909 tempore
574 4835 750 4894 adiuvante
770 4835 902 4908 penitus
925 4833 1076 4906 cognosci
1099 4847 1196 4905 posse
1220 4834 1338 4907 aliquis
1362 4834 1506 4894 dixerit?

229 4934 334 5010 Quare
358 4937 488 4995 cautius
512 4938 563 4995 est
587 4935 752 4995 abstinere
777 4948 924 4994 manum.

1372 5038 1398 5080 12
