3502 5512
890 376 933 432 34

295 555 366 616 Non
401 554 503 631 male,
535 556 592 616 eod
622 571 680 630 pro
708 563 785 635 γοῦν
814 558 931 618 malim
961 556 1026 638 γάρ.
1057 559 1122 620 Vix
1152 562 1241 621 enim
1263 564 1352 622 16116
1373 569 1450 640 γοῦν
1474 582 1572 641 -γε

295 656 423 721 dicitur.

250 759 302 820 Fr.
327 760 379 835 21,
409 762 435 819 1.
460 751 558 837 μεγάλ’
584 755 654 817 άττα
678 774 736 834 pro
760 757 832 836 μετὰ
853 769 954 820 ταῦτα.
978 762 1026 824 Bi.

250 860 302 921 Fr.
327 861 380 935 22,
407 861 435 920 1.
459 859 618 942 στρατηγίᾳ
640 858 751 935 πλήθει
774 883 803 921 τε
826 870 885 922 τῶν
908 861 1083 942 εὑρημάτων
1107 865 1206 925 idem.

249 963 300 1023 Fr.
326 962 378 1022 23.
405 961 512 1037 ‚Lege
529 955 685 1039 Ἡράκλεις
708 977 765 1037 pro
782 957 933 1042 Ἡρακλῆς
955 982 1013 1042 per
1035 966 1348 1027 exclamationem”.
1373 966 1495 1027 Nauck.

249 1063 300 1124 Fr.
326 1063 377 1123 26.
557 1061 647 1141 ψώρσ
671 1056 698 1122 δ’
724 1062 784 1143 ἔχοι
807 1065 1014 1144 Συρακόσιον,
1036 1060 1082 1126 εἶτ’
1109 1063 1253 1145 ἐπιφανὲς
1589 1060 1590 1063 “

559 1161 641 1247 αὐτῷ
663 1165 745 1244 τύχοι
769 1164 819 1225 καὶ
842 1164 917 1247 μέγα
940 1167 1036 1229 κακὸν
1049 1215 1055 1228 .
1069 1216 1075 1228 .
1089 1215 1115 1228 ..

294 1266 433 1327 coniecit
454 1265 516 1340 Bl.,
540 1265 666 1340 reliqua
689 1282 764 1328 cum
789 1268 912 1330 Kookio
935 1271 1135 1332 scholiastae
1157 1270 1358 1332 adiudicare.

248 1369 300 1429 Fr.
326 1369 378 1428 32.
410 1367 448 1427 in
470 1366 587 1442 vespis
611 1368 675 1427 987
700 1372 734 1429 et
757 1370 820 1430 991
852 1365 868 1429 1
892 1367 1075 1433 ἀπολύων
1098 1372 1239 1444 κασίσκος
1265 1376 1401 1434 vocatur
1424 1368 1440 1432 1
1463 1373 1570 1433 iicto-

293 1490 372 1548 ρος,
395 1463 411 1526 ὅ
436 1464 607 1538 άτιολλὺς
631 1484 709 1530 vero
732 1465 749 1529 ὁ
772 1471 976 1551 πρότερος.

247 1572 298 1632 Nr.
323 1571 375 1631 33.
400 1568 512 1630 Nauck
535 1569 740 1644 praeferebat
762 1572 894 1648 Bergkii
917 1573 1125 1636 coniecturae
1149 1575 1218 1635 cod.
1244 1572 1267 1635 G
1290 1575 1465 1636 lectionem
1488 1575 1570 1654 περί-

291 1671 570 1747 πολε,6111116161
594 1672 733 1733 coniecit
757 1672 924 1751 περίπολος.
948 1675 1046 1736 Facio
1070 1690 1144 1736 cum
1168 1676 1323 1737 Nauckio.

248 1773 299 1834 rr.
324 1775 377 1833 34.
401 1779 539 1850 χρῆσται,
561 1774 598 1832 ut
621 1772 715 1833 Pher.
740 1774 875 1850 11299;
900 1776 1069 1852 Aristoph.
1094 1778 1169 1838 362.
1194 1778 1242 1837 Bi.

247 1875 299 1936 Fr.
324 1876 376 1935 45.
677 1876 866 1954 Κορκυραῖοι
890 1871 916 1936 d’
944 1873 1124 1938 οὐδὲν...

677 1971 889 2049 ἐπιβάλλουσιν
911 1976 1058 2057 μάστιγες.

336 2076 401 2136 Vix
429 2075 553 2137 sufficit
583 2076 699 2137 Kockii
722 2078 992 2153 supplementum
1016 2078 1147 2158 μετρίως.
1170 2080 1290 2155 Aptius
1313 2082 1370 2141 sed
1394 2082 1481 2143 iusto
1506 2084 1573 2144 vio·

290 2177 414 2239 lentius
448 2177 497 2238 Bi.
533 2174 581 2253 μὰ
615 2170 671 2235 Δί’
708 2172 795 2240 <oin
827 2175 941 2260 ὀλίγας,
971 2197 1016 2242 sc.
1048 2180 1206 2261 πληγάς>,
1239 2182 1356 2243 malim
1387 2176 1415 2242 δ’
1449 2181 1493 2244 od
1525 2181 1571 2260 δὴ

295 2276 473 2357 <μικρὰς>.

248 2382 299 2443 Fr.
325 2382 378 2442 52.
403 2378 602 2457 καινιοπάλης
626 2380 835 2455 ineptissime
859 2382 907 2442 Bl.

248 2483 299 2542 rr.
325 2483 377 2542 53.
846 2480 897 2542 τὸν
921 2482 1130 2563 Κλεόμβροτόν
1153 2505 1183 2544 τε
1205 2492 1273 2544 τοῦ

581 2578 730 2659 Πέρδικος
753 2581 830 2643 υίόν.

291 2685 393 2745 Recte
406 2698 464 2760 pro
476 2690 529 2742 τοῦ
542 2682 633 2743 Kock
645 2681 696 2741 τὸν
708 2684 858 2759 requirit,
872 2685 929 2746 sed
942 2687 1102 2761 1611111116,
1127 2686 1162 2745 ni
1174 2686 1279 2762 fallor,
1292 2687 1427 2747 dederat
1438 2689 1571 2748 tantum
1644 2681 1650 2687 ’

992 2784 1202 2865 Κλεόμβροτόν
1225 2806 1255 2845 τε
1277 2784 1346 2845 τὸν

516 2881 664 2964 Πέρδικος

292 2992 325 3051 61
354 2990 445 3065 prius
475 2985 527 3046 τὸν
556 2990 589 3048 61
616 2985 684 3047 υἱόν
707 2987 872 3048 reddenda
893 2991 971 3049 sunt
994 2989 1180 3065 Athenaeo,
1206 2991 1244 3048 ut
1265 2988 1373 3048 eidem
1397 2987 1477 3048 olim
1500 2989 1568 3049 red-

290 3091 357 3152 didi
380 3091 522 3151 alterum
545 3080 626 3160 οίκος
648 3089 683 3147 in
705 3088 744 3149 ir.
770 3090 823 3149 66.

245 3194 297 3254 Fr.
323 3194 376 3253 66.
400 3189 586 3252 Incredibili
610 3189 748 3250 levitate
771 3188 819 3249 Bi.
842 3189 990 3262 θυννίδος
1008 3206 1066 3266 pro
1084 3184 1220 3265 αὖξίδος,
1239 3204 1440 3263 quamquam
1460 3204 1567 3263 gram-

289 3293 433 3355 maticus
456 3293 491 3352 B.
505 3293 543 3352 A.
567 3293 643 3366 464,
662 3292 682 3350 6
706 3290 828 3350 diserte
851 3285 1096 3363 111ο1161αάξίσα
1119 3306 1192 3351 6666
1215 3304 1320 3364 genus
1343 3288 1499 3361 θυννίδος.

246 3397 297 3456 Fr.
322 3395 374 3469 68,
400 3394 430 3453 9.
454 3391 537 3453 cum
561 3391 609 3451 Bl.
628 3391 804 3465 legendum
825 3390 998 3475 Διοκλείδη,
1017 3392 1074 3452 sed
1094 3392 1217 3452 frustra
1235 3390 1393 3451 sollicitat
1412 3391 1451 3450 ir.
1465 3391 1519 3466 59,
1537 3392 1565 3450 l.

246 3498 296 3558 Fr.
322 3497 374 3557 63.
399 3493 527 3571 ὅσονπερ
550 3493 685 3553 Richter
707 3493 748 3553 ad
771 3490 868 3566 Vesp.
893 3509 923 3568 p.
952 3494 1028 3568 160,
1054 3492 1127 3554 coll.
1152 3492 1208 3566 kq.
1233 3493 1308 3552 797.
1333 3492 1443 3552 Monet
1466 3491 1514 3552 Bi.

244 3598 297 3658 Fr.
322 3599 375 3658 66.
400 3595 471 3656 Vid.
496 3595 537 3656 ad
560 3595 599 3654 ir.
625 3594 677 3654 63.

244 3699 295 3758 Fr.
323 3696 587 3771 retegendum
625 3693 751 3754 abiecto
789 3692 931 3755 absurdo
970 3695 1116 3755 dorismo
1151 3689 1281 3771 ἀνάγκα,
1314 3695 1393 3752 nato
1428 3708 1446 3752 e
1480 3693 1570 3753 male

288 3797 456 3859 intellecto
479 3795 672 3871 pronomine
696 3792 716 3852 ά
1666 3790 1670 3796 ’

480 3893 500 3955 ά
524 3891 552 3956 δ’
578 3893 727 3973 ἀνάγκη
746 3887 805 3952 ’στ’
831 3893 959 3972 ἱερεῦσιν
979 3894 1163 3973 καθαρεύειν
1187 3891 1371 3971 φράσομεν.

290 4000 353 4060 Vix
376 4002 464 4061 16116
487 3998 613 4072 Nauck,
637 3998 797 4071 probante
821 3995 887 4054 Bl.:

480 4096 500 4157 ά
524 4093 552 4158 δ’
579 4090 712 4175 άνάγν’
739 4093 754 4155 ἕ
762 4089 808 4153 στ’
833 4095 962 4171 ἱερεῦσιν
985 4092 1041 4154 κτὲ.

288 4203 373 4278 quod
407 4204 456 4262 ita
489 4203 621 4262 tantum
652 4200 742 4258 16616
772 4211 808 4256 se
831 4195 981 4272 haberet,
1006 4196 1035 4255 si
1062 4193 1246 4272 καθαρεύειν
1263 4217 1304 4242 =
1321 4192 1460 4273 καθαρὸν
1491 4190 1569 4257 εἶναι

286 4304 374 4365 idem
409 4305 499 4364 esset
532 4301 616 4376 quod
650 4295 817 4375 καθαίρειν.
853 4297 938 4357 0161
975 4296 1166 4356 verborum:
1202 4293 1357 4372 φράσομεν
1386 4295 1518 4374 ἱερεῦσιν
1549 4295 1569 4356 ἃ

287 4401 403 4484 ἀνάγκη
426 4400 506 4463 ἐστὶν
528 4398 719 4478 καθαρεύειν.
751 4397 843 4457 Nunc
866 4398 959 4458 video
983 4412 1026 4457 ex
1049 4394 1266 4455 Addendio
1288 4411 1318 4470 p.
1344 4397 1408 4456 296
1433 4413 1568 4459 mecum

286 4508 394 4567 iacere
418 4507 466 4566 Bl.

243 4609 294 4669 Fr,
320 4611 372 4669 74,
665 4600 846 4678 μισθώτριαι
870 4598 911 4657 αἱ
930 4601 1118 4678 γυναῖκες

374 4706 415 4782 ὡς
440 4707 599 4786 Φρύνιχος.
633 4703 714 4764 Poll.
738 4702 801 4760 VH
827 4701 900 4761 131.

284 4810 356 4871 Non
390 4810 566 4872 delendum
597 4805 632 4863 ci
652 4819 727 4864 cum
762 4802 826 4876 Bk,
861 4801 918 4861 sed
953 4799 988 4858 αἱ
1014 4803 1155 4878 γυναῖκες
1186 4797 1397 4859 tribuendum
1429 4799 1567 4861 Polluci.

285 4911 463 4973 Minoribus
486 4908 608 4968 litteris
631 4905 736 4965 editor
758 4916 797 4962 ea
819 4902 962 4961 scribere
986 4900 1152 4961 debuerat.
