3502 5512
823 362 885 423 133

193 549 244 610 Fr.
270 550 344 610 305.
368 550 416 610 Bi.
451 546 500 608 ἐπὶ
529 547 635 627 Σόγρα
666 565 723 625 pro
754 549 873 629 Σάρρα,
902 551 975 611 coll.
1006 552 1062 613 Ar.
1086 552 1171 614 Eccl.
1196 555 1271 627 943,
1305 555 1400 629 quasi
1433 569 1509 614 vero

237 649 319 711 haec
342 650 525 725 comparari
548 651 694 725 possint!

191 808 353 877 clearchi
376 812 415 873 ir.
440 813 470 888 2,
496 812 526 873 2.
561 811 680 890 χόρταζε
709 814 834 874 temere
864 814 912 875 Bi.
945 829 1002 888 pro
1034 813 1189 892 βρόχθιζε,
1220 831 1280 877 nec
1311 816 1407 877 valde
1431 816 1513 876 mibi

238 912 361 973 arridet
384 912 531 974 eiusdem
555 913 744 974 coniectura
765 912 931 991 περίσρμον
956 929 1013 990 pro
1037 914 1218 995 περίσαργσν
1242 932 1292 978 vs.
1317 919 1347 978 3.

195 1072 361 1141 inducti
383 1076 423 1137 ir.
451 1078 479 1153 1,
505 1078 534 1138 5.
559 1076 699 1150 Blaydes
722 1092 779 1152 pro
803 1076 1014 1154 παιδομανής,
1036 1078 1120 1151 quod
1143 1093 1264 1138 sanum
1285 1078 1423 1153 videtur,
1445 1093 1513 1152 pro·

238 1177 349 1254 posuit
370 1175 550 1254 πσλυμαθὴς
575 1178 671 1252 (quod
694 1178 856 1253 ineptum)
879 1180 937 1239 aut
959 1178 1276 1256 :exspectatarum
1296 1179 1515 1248 vocabulum).

241 1277 443 1356 Παιδομαθής
463 1278 640 1354 opponitur
663 1287 702 1360 τῷ
726 1274 893 1356 ὀψιμαθής.

194 1380 229 1441 1⁴¹.
254 1382 285 1457 4,
313 1381 329 1440 l
354 1394 402 1454 sq.
427 1379 475 1440 Bl.
837 1379 949 1439 Θάσιον
972 1377 1047 1458 ἔγχει
1075 1392 1155 1457 (μοι
1178 1381 1292 1459 rupo>

631 1477 748 1559 ἄλγος
772 1477 842 1560 γὰρ
866 1477 913 1556 ἤν
936 1501 995 1558 μον
1018 1478 1075 1540 κτλ.

240 1581 341 1642 Multo
371 1581 479 1642 lenius
510 1580 614 1658 Kock,
640 1581 696 1655 qui
726 1583 840 1642 tamen
864 1597 914 1642 vs.
940 1583 958 1641 3
984 1582 1042 1642 vix
1064 1585 1152 1643 recte
1176 1583 1328 1657 proponit
1350 1576 1431 1642 τοῦδ’
1458 1597 1516 1658 pro

237 1677 327 1760 ταῦτ’,
356 1683 432 1757 quia
458 1683 598 1743 atticum
623 1683 707 1743 foret
729 1682 844 1744 τοότσυ.
870 1685 921 1743 An
944 1677 998 1743 τότ’
1020 1682 1116 1756 εὐθὺς
1141 1699 1217 1745 cum
1237 1684 1311 1745 Bt?
1342 1717 1382 1728 -
1407 1683 1463 1744 Vs.
1484 1685 1514 1744 3.

238 1784 325 1859 Lege
336 1782 540 1865 ρί<γ>νιπαι
560 1783 588 1843 Ν
590 1799 632 1844 on
644 1783 783 1845 debebat
795 1783 843 1845 Bl.
857 1785 997 1845 otiosam
1012 1784 1148 1846 Oorselii
1162 1786 1384 1846 coniecturam
1398 1783 1519 1864 γίνομαι

239 1884 385 1962 probare.
399 1917 440 1927 -
460 1884 517 1944 Vs.
539 1886 558 1944 4
579 1882 749 1962 κατέβρεξειι
772 1886 829 1945 vix
855 1900 987 1947 esuum.
1013 1889 1097 1961 Apte
1121 1884 1287 1958 κατέδειξεν
1312 1887 1451 1947 coniecit
1467 1885 1515 1947 Bl.

198 2056 366 2125 Axionioi
390 2060 429 2121 ir.
457 2063 485 2134 l,
532 2063 563 2121 4.
594 2060 640 2120 De
672 2074 747 2119 mea
777 2060 966 2120 coniectura
995 2059 1121 2120 fallitur
1151 2060 1201 2121 Bl.
1232 2060 1284 2129 (cf.
1316 2060 1428 2134 Kock),
1462 2061 1517 2133 qui

240 2161 402 2231 (mirabile
421 2161 540 2241 dictat)
564 2160 678 2222 scribit
703 2161 797 2236 ,Ipse
820 2157 943 2238 ἕπε’ρω.”
964 2159 1052 2235 Quod
1073 2162 1201 2221 utinam
1222 2162 1355 2236 saepius
1374 2161 1516 2221 iecisset.

197 2263 248 2323 Fr.
275 2264 305 2323 2.
330 2263 504 2338 Ingeniose
528 2262 708 2324 Headlum:
733 2260 785 2322 ἔνι.
799 2295 839 2306 -
854 2264 886 2320 Β.
906 2260 980 2321 αἴτει
999 2262 1063 2333 (vel
1084 2260 1181 2333 αἰτοῦ)
1200 2261 1274 2340 πρὸς
1287 2256 1363 2339 (παρ’
1372 2263 1399 2331 ί)
1419 2258 1519 2338 ἑτέρου

243 2363 306 2434 (vel
331 2360 461 2442 ἑταίρου)
487 2398 525 2407 -
551 2361 653 2440 κῶμόν
676 2384 766 2434 τινος.

198 2465 251 2525 Fr.
275 2465 306 2540 4,
333 2467 361 2526 7.
385 2459 467 2524 τοῦδ’
494 2468 583 2526 recte
606 2464 733 2541 Nauck,
758 2465 815 2525 sed
839 2464 912 2525 sine
935 2479 1035 2526 causa
1054 2463 1127 2524 εἴπω
1147 2480 1205 2540 pro
1225 2462 1333 2541 ἐνέπω,
1350 2466 1379 2524 si
1398 2479 1518 2524 sanum

240 2567 292 2626 est
320 2565 482 2645 παρεόντος
506 2582 555 2627 vs.
583 2568 637 2641 16,
662 2565 717 2625 ubi
740 2569 854 2625 tamen
876 2566 1023 2640 speciose
1046 2562 1165 2644 ῥέοντας
1189 2567 1327 2627 coniecit
1350 2565 1450 2625 Kock.
1476 2597 1517 2605 —-

241 2665 296 2728 Vs.
322 2668 351 2729 9.
384 2668 542 2743 Proposui
565 2665 730 2741 quondam
753 2674 814 2724 πᾶν
838 2670 894 2735 (sc.
920 2671 1015 2742 σῶμα)
1038 2683 1096 2743 pro
1118 2675 1182 2745 τῆς,
1212 2667 1270 2728 sed
1294 2666 1518 2742 praeferebam

172 2788 175 2792 ·
240 2775 292 2845 τῆς
318 2769 429 2839 Θασίας
454 2773 540 2838 (cum
564 2767 696 2844 Koclrio,
721 2768 776 2842 qui
799 2767 871 2829 sine
895 2783 995 2829 causa
1017 2776 1068 2845 τῆς
1088 2772 1198 2830 mutat
1217 2770 1249 2829 in
1269 2773 1349 2839 ταῖς).
1369 2769 1406 2828 In
1420 2766 1517 2828 Athe·

242 2869 317 2931 naei
345 2869 416 2931 loco
447 2870 586 2930 fortasse
610 2876 800 2944 corruptum
823 2872 875 2930 est
896 2870 1050 2947 κυβεύειν,
1076 2886 1221 2945 proquo
1246 2874 1377 2946 propter
1401 2885 1449 2929 vs.
1478 2869 1516 2928 lb

242 2973 437 3046 expectatur
460 2975 670 3046 συκοφαντεῖν.

198 3073 250 3133 Fr.
275 3074 305 3148 6,
332 3074 362 3133 6.
394 3073 455 3133 Pro
486 3069 641 3133 ἐλυσιτέλει
670 3070 743 3151 γάρ,
765 3088 848 3146 quae
873 3072 971 3133 verba
993 3073 1102 3135 labem
1128 3076 1345 3148 susceperuut
1368 3088 1410 3133 ex
1437 3074 1519 3130 λυσι-

241 3167 317 3243 τελὲς
348 3187 397 3234 vs.
422 3173 452 3248 8,
483 3174 686 3234 sententiam
714 3174 882 3248 postulare
912 3172 1121 3254 διεκαρτέρησα
1152 3170 1179 3234 δ’
1213 3179 1271 3236 aut
1301 3175 1411 3235 simile
1442 3172 1518 3246 quid

242 3274 323 3334 olim
346 3276 470 3335 monui.

198 3376 249 3436 Fr.
274 3376 304 3436 8.
974 3375 1072 3455 ζωμὸν
1095 3386 1172 3437 ποιῶ

441 3475 556 3554 θερμὸν
580 3475 671 3554 ἰχθὺν
695 3473 940 3555 ἐπαναπλάττων,
963 3472 1117 3555 ἡμίβρωτα
1139 3477 1268 3553 λείψανα

443 3575 609 3652 συντιθείς,
632 3598 891 3651 οιονταιανω,
914 3574 1000 3656 ἔντερ’
1028 3574 1076 3636 ἁλὶ
1100 3576 1148 3637 καλ
1174 3577 1282 3662 σιλφίῳ

443 3676 633 3754 σφενδονῶν,
659 3674 789 3736 ἀλλᾶντα
812 3673 950 3754 τίμνω(ν)
974 3675 1030 3737 κτέ.

242 3779 330 3840 Satis
356 3794 481 3853 nequeo
507 3780 622 3840 mirari
645 3795 694 3840 vs.
720 3780 756 3855 3,
787 3778 1019 3854 plaudentibus
1042 3783 1079 3841 ut
1102 3781 1231 3840 videtur
1255 3778 1423 3856 omnibns,
1450 3783 1520 3839 tan·

242 3895 343 3954 quam
375 3881 597 3942 certissimam
615 3883 784 3956 receptam
815 3895 889 3940 esse
920 3881 1124 3955 ingeniosam
1156 3896 1237 3942 sane
1272 3881 1415 3956 Emperii
1447 3895 1519 3940 con·

243 3981 404 4041 iecturam
439 3980 510 4065 σῖνρτ
545 3980 729 4058 διαίνων,
762 3997 826 4056 qua
860 3983 974 4041 tamen
1006 3983 1130 4043 comico
1162 3982 1349 4044 obtruditur
1384 3980 1520 4042 verbum

243 4081 457 4144 Homericum
488 4087 522 4144 et
551 4083 728 4160 tragicum,
760 4098 816 4158 pro
843 4097 907 4157 quo
931 4083 994 4158 ipsi
1017 4084 1239 4144 Athenienses
1263 4082 1362 4144 όεόειν
1386 4096 1519 4156 usurpa·

242 4183 333 4246 bant.
358 4184 474 4245 Procul
497 4184 593 4246 dubio
617 4184 779 4245 Axionico
802 4183 1022 4245 reddendum:

567 4283 719 4356 συντιθείς
743 4284 837 4370 οἴνῳ
861 4307 898 4346 τε
922 4284 1071 4364 ῥαίνων
1093 4284 1150 4346 xri.

243 4386 315 4448 toll.
340 4387 540 4460 Antiphanis
563 4389 601 4449 fr.
628 4388 702 4464 217,
731 4389 769 4447 12
794 4391 864 4458 τταῐς
889 4381 917 4446 δ’
944 4384 1125 4465 ἐφίστηκείν)
1149 4387 1250 4467 ῥανῶν
1271 4384 1275 4469 Ι
1297 4384 1356 4460 ὄξει
1383 4388 1521 4462 (pisces).

243 4488 385 4564 Emperii
416 4489 602 4550 coniectura
632 4491 736 4549 etiam
766 4504 804 4549 eo
836 4490 970 4549 nomine
1001 4489 1123 4550 vitiosa
1153 4492 1218 4565 est,
1250 4490 1335 4564 quod
1360 4490 1408 4550 ita
1431 4486 1523 4547 ἀσυν-

244 4585 333 4661 όὲτως
363 4590 544 4665 iunguntur
578 4605 661 4663 quae
692 4590 732 4649 ad
768 4591 907 4650 eandem
938 4606 1008 4650 rem
1038 4591 1215 4666 pertinent.
1247 4591 1287 4651 Et
1317 4591 1391 4651 vide
1423 4605 1521 4664 quarn

245 4695 340 4757 raone
376 4695 559 4755 ornarrs
594 4678 728 4754 nanus}
761 4696 794 4755 in
827 4695 1100 4754 oronrmanm
1132 4697 1221 4756 aure
1253 4698 1411 4773 potuerit,
1448 4712 1522 4757 cum

245 4798 440 4873 praesertim
466 4799 494 4855 Ε
515 4801 549 4858 et
572 4799 621 4856 ΑΙ
642 4800 772 4873 propter
800 4812 910 4858 seram
941 4798 1245 4872 pronuntiationem
1269 4802 1425 4874 perpetuo
1450 4813 1523 4858 con·

245 4901 425 4962 tundantur
455 4917 475 4962 a
499 4900 650 4961 librariis.
678 4934 717 4944 —
742 4898 797 4960 Vs
823 4901 853 4961 6.
878 4897 932 4976 τὴν
956 4896 1047 4959 ἕωλον
1070 4895 1186 4978 ἡμέραν
1209 4901 1379 4974 repotia
1403 4896 1523 4974 signiti-
