3502 5512
840 347 903 406 120

366 533 385 590 5
412 532 442 588 B.
465 532 597 608 γλαῦκον
620 527 720 608 λέγεις.
744 533 781 588 A.
805 527 945 609 ἔγνωκας.
974 534 1037 592 <Β.
1060 527 1132 592 ἄλλο
1159 554 1210 610 μοι
1234 529 1339 611 λέγε).

412 636 448 688 A.
476 628 618 702 (λέξω).
643 624 698 706 μετ’
725 628 825 690 αὐτῶν
848 627 876 690 δ’
902 629 977 690 εἰσὶν
1001 629 1156 709 ἐκπρεπεῖς
1178 633 1273 710 φύσιν

410 732 445 791 αλ
464 734 682 810 ξανθοχρῶτες,
704 729 740 804 ἃς
762 732 883 794 κλύδων
906 733 1085 806 Αλξωνιιιοῖς

409 841 514 892 πασῶν
537 830 658 911 ἀρίστας
681 831 713 893 ἐν
736 833 838 905 τόποις
860 835 1041 895 παιδεύεται·

411 927 457 1006 αἷς
479 932 530 993 ιιαλ
552 932 630 994 θεὰν
653 944 758 1010 τιμῶσι
781 935 947 1014 φωσφόρον
970 934 1081 1015 ιιόρην,

347 1037 387 1094 10
410 1034 540 1094 δείπνων
564 1033 636 1095 ὅταν
659 1033 796 1112 πέμπωσι
820 1036 902 1114 δῶρα
927 1036 1070 1098 ναυτίλοι.

412 1138 443 1195 Β.
466 1136 583 1216 τρίγλας
602 1134 703 1215 λέγεις.
730 1142 796 1200 (Α.
820 1135 961 1216 ἔγνωκας.
988 1141 1018 1198 Β.
1043 1135 1113 1198 αλλο
1137 1160 1188 1216 μοι
1211 1137 1316 1218 λέγε)

415 1242 479 1296 <A.
485 1254 525 1296 >
535 1238 758 1317 γαλακτόχρωτα
782 1239 883 1316 (ηρώς
905 1261 935 1298 τε
959 1239 1061 1309 Kock)
1085 1235 1248 1312 Σικελὸς“
1233 1260 1269 1299 ον
1289 1235 1419 1373 πήμνοσ’
1444 1238 1528 1319 ὄχλος

253 1543 290 1600 ln
314 1543 442 1603 ultimis
465 1558 543 1604 vero
565 1488 735 1618 ingeniose
758 1545 941 1606 coniciens:

877 1640 914 1705 ‘dv
937 1639 1067 1725 πήγννσ’
1093 1643 1177 1725 ὄχλος

409 1744 591 1824 θρόμβον
662 1772 674 1795 ·
773 1774 785 1797 ·
886 1774 897 1797 ·
998 1730 1121 1798 ·,·

413 1849 474 1905 <Β.
508 1845 599 1924 τυρὸν
622 1845 723 1926 λέγεις.
747 1855 784 1909 A.
808 1847 948 1929 ἔγνωκας.
974 1851 1006 1909 Β.
1031 1846 1103 1909 ἄλλο
1127 1871 1178 1926 μοι
1202 1847 1307 1928 λέγε).

208 1947 238 2005 si
258 1960 373 2007 verum
394 1949 488 2024 vidit,
509 1949 629 2009 erroris
648 1952 757 2025 arguit
775 1953 999 2027 Athenaeum,
1020 1966 1117 2025 quem
1134 1948 1245 2029 ῥόμβος
1256 1949 1378 2024 legisse
1390 1951 1531 2009 constat.

297 2047 398 2110 Recte
421 2050 457 2111 0.
471 2049 606 2111 drusius
636 2054 841 2128 comparavit
867 2053 1029 2128 Epicratis
1052 2052 1090 2113 ir.
1117 2054 1181 2113 709
1205 2054 1239 2112 et
1262 2050 1350 2111 Suid.
1375 2066 1414 2110 ao
1436 2050 1529 2110 Pbot.

253 2164 280 2210 s.
293 2164 325 2211 v.
349 2150 559 2224 θυννάζοντες.
584 2186 624 2196 -
649 2154 755 2215 Verbo
784 2148 915 2233 πήγνυτ’
945 2151 1030 2231 ὄχλος
1054 2154 1175 2228 duplici
1199 2153 1388 2214 coniectura
1411 2150 1530 2211 violen-

254 2250 386 2312 tissima
407 2252 533 2314 frustra
554 2254 713 2316 sollicitat
735 2256 887 2332 Blaydcs.

209 2447 375 2516 Alexidis
398 2452 436 2512 ir.
465 2455 492 2530 1,
519 2454 549 2515 2.
573 2455 689 2535 πράσον
712 2472 769 2531 pro
792 2456 892 2534 λίτρον
912 2457 1037 2517 frustra
1057 2456 1108 2517 Bl.

210 2553 271 2713 F'rs
286 2553 315 2628 2,
338 2555 368 2614 7.
392 2554 483 2615 idem
508 2555 674 2634 ψυκτήριον
697 2574 755 2632 pro
773 2557 988 2636 ψυκτηρίδιον,
1011 2559 1105 2618 onius
1128 2555 1351 2632 antepaenult'
1342 2569 1411 2614 rma
1433 2514 1533 2628 longa

335 2655 455 2716 -Vs.
481 2658 511 2716 8
536 2655 598 2717 cst.
575 2658 772 2719 t.lllenand
798 2659 842 2717 lv
869 2659 942 2720 180.

117 2835 120 2840 Ι
210 2754 261 2814 Fr.
273 2656 369 2815 l4=.d'
396 2749 484 2828 οὗτος
507 2754 591 2837 φέρει
614 2774 679 2819 non
703 2760 791 2820 male
814 2760 863 2821 Bl.

210 2855 262 2915 Fr.
286 2858 316 2932 b,
342 2857 373 2917 2.
404 2855 623 2936 ὑπερθύουσαν
652 2875 772 2921 sanum
803 2876 877 2921 esse
908 2861 1004 2922 hodie
1032 2861 1141 2937 credo,
1168 2860 1244 2920 licet
1266 2860 1371 2933 θύειν,
1394 2859 1529 2918 aestu-

254 2957 352 3017 andi
386 2973 486 3019 sensu
520 2961 665 3036 positum
700 2976 863 3035 nusquam
898 2961 977 3022 alibi
1012 2963 1045 3022 in
1076 2961 1245 3022 comoedia
1275 2961 1442 3036 appareat,
1472 2957 1531 3018 sed

253 3060 379 3133 tragica
405 3060 689 3136 grandiloquentia
714 3063 766 3123 hic
791 3064 899 3138 potuit
921 3064 1079 3124 affectari.
1103 3061 1255 3123 Ceterum
1275 3077 1313 3122 eo
1333 3075 1434 3120 sensu
1455 3073 1533 3118 vera

254 3157 345 3220 verbi
375 3160 483 3222 forma
512 3161 650 3222 θυίειυ
682 3164 822 3240 videtur,
854 3179 938 3238 quae
965 3166 1067 3224 etiam
1092 3163 1232 3224 traditur
1255 3164 1288 3222 in
1311 3161 1416 3222 altero
1441 3158 1531 3220 verbi

254 3263 429 3336 compositi
459 3265 626 3341 exemplo,
658 3265 742 3339 quod
773 3266 962 3342 nuperrime
995 3266 1114 3340 prodiit
1148 3280 1189 3325 ex
1220 3263 1382 3324 Timothei
1413 3260 1532 3321 Milesii

255 3361 364 3421 Persis
400 3379 448 3424 vs.
481 3366 523 3426 75
559 3362 622 3424 ἐπεὶ
657 3360 683 3425 δ’
722 3363 887 3445 ἀμβόλιμος
921 3365 999 3442 ἅλμα
1031 3365 1173 3442 στόματος
1214 3361 1455 3442 ύπερέθοιεν
1496 3362 1530 3420 in

254 3479 376 3538 papyro
406 3466 594 3527 Alexandro
630 3482 752 3541 magno
782 3466 910 3542 aequali
941 3470 1000 3527 aut
1028 3468 1129 3527 etiam
1160 3468 1351 3527 vetustiore.
1387 3463 1530 3524 Verbum

253 3561 435 3642 ὑπερθύριον
458 3567 551 3628 deest
574 3568 666 3643 Papii
688 3568 804 3629 lexico.

210 3666 261 3726 Fr.
286 3667 317 3742 9,
342 3667 372 3728 2.
397 3667 418 3728 l.
442 3665 623 3746 ηὑρημένον.
649 3703 688 3713 —-
714 3670 769 3729 VS.
795 3670 826 3730 9.
849 3666 1175 3745 woroc=ooprrootov
1198 3668 1249 3737 (cf.
1277 3668 1338 3736 11).
1362 3666 1426 3725 vix
1449 3680 1531 3738 opus

255 3767 372 3828 Naberi
403 3771 591 3831 coniectura
617 3769 734 3848 τρόπος.
758 3804 798 3814 -
823 3770 878 3830 Vs.
906 3771 956 3830 12.
980 3770 1108 3831 Ultima
1131 3768 1231 3830 verba
1253 3767 1349 3828 alteri
1371 3781 1531 3842 personae

256 3883 318 3928 non
342 3868 449 3929 Nabar
473 3871 533 3940 (sic
556 3871 630 3947 Bi),
655 3871 714 3932 sed
737 3887 797 3946 ego
820 3870 930 3932 tribui.

210 3969 262 4029 Fr.
290 3972 339 4045 15,
366 3972 396 4031 7.
447 3973 479 4030 Β.
503 3964 547 4050 ἆρ’
573 3963 612 4048 ἦν
635 3970 706 4048 μετὰ
728 3966 816 4032 ταῦθ’
841 3967 861 4048 ἡ
884 3970 1021 4051 ῥάφανος
1044 3967 1090 4048 ἣν
1114 3969 1264 4049 ἕβοᾶτι;
1288 3976 1325 4030 A.
1349 3971 1407 4030 ναί.

443 4069 552 4150 χρηστὴ
575 4071 632 4152 γὰρ
655 4064 702 4150 ἦν.
728 4075 761 4134 Β.
786 4072 882 4132 ἔδωκα
906 4072 1016 4148 ταύτης
1039 4067 1087 4132 δύ’
1115 4066 1242 4150 ὀβολούς
1266 4067 1407 4150 (όβολώλ)

446 4177 482 4231 A.
505 4173 534 4233 τί
555 4172 624 4252 γὰρ
648 4172 796 4252 ἕβοῶμενς
821 4177 852 4233 Β.
876 4173 908 4234 τό
932 4173 1041 4252 κύβιον
1063 4173 1236 4254 τριωβόλου.

255 4274 491 4348 corrigendum
515 4275 543 4333 τί
564 4268 636 4352 τᾶρ’
663 4281 719 4345 (τοι
743 4269 800 4353 ἄρ’)
825 4274 973 4354 ἐβοῶμεν;

299 4375 568 4450 indignabundus
606 4377 695 4436 enim
733 4376 900 4436 exclamat
929 4376 1010 4437 hacc
1040 4391 1181 4452 persona
1209 4376 1307 4452 prior,
1338 4377 1375 4434 ut
1404 4374 1532 4434 audivit

253 4475 434 4537 brassicam
459 4479 552 4537 tanto
575 4478 679 4551 pretio
703 4478 901 4537 constitisse.
925 4476 972 4537 De
995 4477 1057 4538 hoc
1076 4477 1166 4537 verbi
1184 4477 1262 4555 βοᾶν
1280 4492 1342 4537 usu
1366 4476 1408 4537 oi.
1427 4478 1530 4536 etiam

255 4577 458 4638 Philemonis
481 4577 519 4637 fr.
544 4581 597 4652 41,
623 4580 641 4638 5
665 4574 762 4656 ἐβόων
786 4571 814 4637 δ’
840 4576 969 4649 ἅπαντες
996 4575 1055 4653 ,ὡς
1078 4576 1201 4657 ἀγαθὴν
1225 4577 1323 4656 ἅλμην
1345 4578 1473 4648 ποιεῖς.”
1488 4612 1529 4622 -

255 4678 308 4737 Vs.
328 4681 375 4739 13.
397 4680 445 4738 Ex
458 4679 566 4738 titulis
589 4681 699 4741 atticis
718 4678 891 4757 τέθηκας
911 4681 1155 4741 rescribendum
1173 4696 1245 4741 esse
1258 4681 1337 4741 olim
1349 4679 1474 4739 monui.
1488 4714 1528 4723 —

254 4783 309 4842 Vs.
338 4786 376 4843 14

492 4882 522 4938 Β.
547 4877 563 4939 ό
587 4883 789 4961 ταριχοπώλης
812 4880 927 4943 ἕστλν·
951 4880 1051 4943 ἐλθὼν
1073 4882 1246 4944 πυνθάνου.
