3502 5512
839 400 883 459 99

244 575 336 661 εἶναι,
368 600 432 646 101
465 600 543 646 vero
576 584 743 661 reputavit
777 583 825 644 ita
858 596 974 658 graece
1012 580 1186 642 dicendum
1220 580 1323 641 luisse
1358 581 1416 640 aut
1449 575 1519 651 τοὺς

245 682 369 764 λέβητας
402 683 477 770 τοὺς,
506 689 632 765 χαλκοῦς
663 687 722 746 aut
751 684 821 757 τοὺς
849 688 976 764 χαλκοῦς
1005 679 1138 761 λέβητας
1170 681 1251 756 Quid
1283 696 1361 741 vero
1385 680 1523 757 impedit

245 786 422 859 quominus
448 789 638 848 statuamus
662 788 766 849 luisse
790 789 892 849 etiam
916 787 1053 861 terreas,
1078 784 1132 845 hie
1155 799 1232 844 vero
1256 797 1375 844 aeneos
1397 783 1435 842 ut
1457 797 1523 857 pre·

244 888 398 949 tiosiores
420 890 698 950 commemorari?
722 890 754 950 st
780 890 855 964 quid
879 888 1068 950 novandum
1093 890 1181 957 (nam
1207 884 1450 946 concedendum
1474 887 1526 944 est

245 991 329 1049 satis
360 989 530 1065 vulgarem
560 1006 633 1052 esse
669 1006 895 1053 aeneorum
926 989 1149 1064 memoriam),
1186 988 1219 1048 in
1253 989 1347 1048 tanto
1382 986 1524 1056 convivii

242 1091 415 1168 splendore
438 1094 472 1154 et
494 1092 576 1155 luxu
599 1094 709 1169 potius
733 1093 927 1154 crediderim
951 1093 1084 1168 poetam
1108 1090 1255 1151 dedisse:

536 1197 606 1266 τοὺς
630 1191 663 1254 δὲ
685 1191 811 1272 λέβητας
835 1201 1008 1273 χρυσοῦς
1032 1185 1109 1253 εἶναι
1132 1189 1190 1252 κτὲ.

246 1295 285 1355 cl.
307 1310 353 1356 vs.
375 1296 416 1355 25
430 1298 464 1357 et
476 1297 528 1371 26,
551 1298 605 1357 ubi
617 1298 704 1358 haud
723 1297 874 1373 displicet
891 1296 973 1357 mihi
985 1295 1033 1356 Β1.
1047 1295 1315 1371 supplementum
1332 1299 1524 1373 <χρυσννν>

201 1449 204 1457 .
246 1395 368 1473 φιάλην.
394 1430 434 1442 -
459 1397 515 1460 Vs.
543 1401 593 1460 11.
618 1399 736 1460 Nescio
760 1414 802 1459 an
826 1401 916 1460 recte
940 1398 988 1459 Bl.
1012 1395 1104 1457 νίκαν
1127 1399 1304 1467 (oscorum)
1329 1411 1386 1471 pro
1410 1393 1528 1454 λάκκων

249 1497 423 1560 coniecerit
461 1502 593 1576 propter
634 1501 803 1576 epitheton
846 1499 1082 1560 δωδεκακλίνων.
1122 1497 1231 1559 Facile
1265 1499 1379 1558 autem
1413 1498 1529 1557 notum

248 1599 333 1673 sigla
372 1600 402 1672 κ
436 1601 495 1663 tali
518 1603 621 1663 errori
645 1617 763 1663 ansam
787 1602 865 1663 dare
886 1602 1003 1678 potuit.
1024 1600 1079 1661 Vs.
1102 1601 1155 1662 36.
1175 1608 1227 1676 τῆς
1246 1605 1315 1676 (pro
1335 1596 1395 1671 καὶ)
1415 1597 1531 1676 Συρίας

249 1699 312 1773 Β1.,
345 1702 417 1762 1011.
449 1703 585 1778 antiph.
615 1704 663 1764 III
690 1706 763 1767 117.
795 1701 930 1782 ἠλείφετο
951 1700 956 1781 Ι
979 1701 1010 1762 ἐκ
1040 1708 1091 1778 τῆς
1123 1701 1239 1781 Συρίας
1263 1701 1366 1779 ἥκοντι
1384 1735 1425 1746 -
1445 1701 1530 1786 μύρῳ

249 1807 283 1862 di
306 1803 381 1864 Eur.
404 1804 523 1866 Bacch.
550 1807 612 1864 144
643 1805 759 1885 Συρίας
783 1799 809 1865 ‹i’
837 1801 877 1877 ὡς
907 1804 1033 1882 λιβάνου
1064 1813 1192 1864 καπνοῦ.
1216 1803 1341 1866 Vocula
1364 1804 1416 1863 καί
1437 1809 1531 1879 (quad

248 1904 342 1964 abest
365 1920 385 1966 a
408 1903 453 1975 d.)
472 1907 582 1982 inepte
601 1908 799 1982 interpolata
819 1910 885 1982 est,
906 1907 965 1968 sed
984 1907 1111 1967 incerta
1124 1907 1291 1968 correctio.
1313 1906 1360 1968 ct.
1373 1906 1474 1967 Kock.
1490 1939 1530 1949 -

251 2005 307 2066 Vs.
332 2006 385 2067 37.
415 2016 630 2086 σενεροχρῶνες.
662 2010 710 2070 Β1.
743 2009 797 2069 cit.
832 2008 957 2068 Cratini
984 2008 1023 2068 ir.
1049 2009 1112 2067 302
1138 2011 1171 2068 et
1194 2009 1269 2070 Eur.
1292 2008 1330 2068 ir.
1356 2009 1432 2081 416,
1458 2008 1477 2066 3
1499 2009 1532 2067 et

251 2106 293 2166 ad
312 2116 438 2182 φυσκῶν
458 2109 557 2186 ζωμοῦ
577 2110 634 2171 Ar.
654 2111 692 2172 ir.
714 2110 884 2172 14111-
898 2110 954 2171 Vs.
975 2111 1028 2170 41.
1050 2110 1200 2184 Requirit
1219 2108 1327 2183 ἀφύων
1346 2126 1404 2185 pro
1417 2106 1534 2185 ἀφύης,

252 2209 337 2281 quod
369 2209 514 2271 medium
546 2212 631 2273 inter
666 2211 819 2289 σκορόδων
853 2214 888 2272 et
917 2209 1076 2288 σκόμβρων
1107 2211 1193 2272 haud
1224 2209 1319 2271 facile
1349 2212 1397 2272 ita
1426 2211 1533 2287 potuit

253 2311 434 2385 corrumpi;
466 2311 636 2373 collective
667 2315 791 2374 dictum
823 2315 917 2389 puta,
949 2314 986 2372 ut
1016 2312 1050 2371 in
1081 2315 1160 2373 noto
1190 2311 1246 2372 illo
1270 2310 1334 2384 ἃλις
1357 2308 1459 2387 ἀφύης
1483 2335 1533 2387 μοι

252 2407 307 2469 κνὲ.
331 2412 423 2473 etde
443 2413 697 2475 industriasoni
717 2430 817 2475 causa
841 2431 860 2475 a
879 2419 976 2489 poeta
994 2413 1189 2474 adhibitum.
1212 2446 1248 2454 -
1274 2413 1331 2474 Vs.
1355 2416 1409 2474 44.
1434 2412 1534 2492 ρύρων

253 2527 310 2587 pro
333 2522 439 2591 κυρῶν
462 2514 675 2590 probabiliter
697 2517 909 2577 11111111-
923 2515 980 2576 Vs.
1002 2516 1055 2576 53.
1075 2514 1194 2574 advoco
1214 2530 1278 2577 non
1299 2516 1364 2575 alia
1382 2514 1422 2575 de
1435 2529 1535 2575 causa

254 2628 352 2687 quam
372 2617 456 2689 quod
477 2616 554 2676 alibi
577 2616 699 2677 θύννου
728 2617 837 2695 τεμάχη
862 2618 1049 2691 occurrunt,
1082 2618 1207 2676 temere
1230 2615 1278 2677 Bl.
1303 2619 1453 2691 proponit
1476 2631 1533 2691 pro

255 2713 341 2793 ῥίνης
372 2719 407 2777 et
435 2717 519 2778 falso
550 2717 688 2797 βότρυες,
720 2735 802 2794 quae
834 2720 982 2793 legitima
1012 2720 1065 2779 est
1093 2720 1126 2778 et
1150 2718 1315 2791 antiquior
1338 2717 1535 2778 nominativi

254 2815 390 2892 pluralis
420 2818 528 2880 torma
557 2821 641 2895 apud
672 2823 815 2898 Atticos,
848 2821 963 2882 tribuit
989 2823 1244 2895 anapaestorum
1278 2820 1445 2895 licentiae,
1477 2819 1534 2879 sed

253 2933 301 2979 vs.
322 2919 364 2981 58
385 2923 474 2981 recte
493 2920 639 2995 postulat
659 2922 753 2998 φακοί
770 2937 828 2999 pro
847 2921 930 2998 φακή
949 2926 1000 2993 (ne
1020 2921 1143 2983 Graeca
1158 2923 1289 2997 quidem
1306 2921 1426 2994 torma,
1446 2919 1533 2980 aliud

254 3022 508 3098 οε1φακῆ,1οο
532 3022 629 3083 buius
653 3023 740 3099 loci),
766 3024 851 3099 qrrod
874 3024 995 3084 mirum
1019 3026 1072 3084 est
1094 3039 1159 3084 non
1178 3024 1361 3085 correxisse
1381 3021 1532 3083 editores

253 3120 351 3183 Aliud
383 3138 459 3184 vero
483 3140 654 3199 perperam
685 3128 793 3187 tentat
819 3126 914 3187 Add.
940 3127 1015 3187 333.
1045 3157 1077 3167 -
1107 3126 1162 3187 Vs.
1188 3126 1230 3186 70
1250 3141 1298 3199 sq.
1325 3138 1482 3200 personae
1505 3125 1533 3183 Α

253 3223 371 3285 tribuit
393 3225 491 3287 idem.

210 3326 262 3394 Fr.
288 3327 341 3388 42.
372 3325 404 3387 τὸ
434 3327 491 3407 γὰρ
521 3330 695 3391 κολακεύειν
725 3338 783 3391 νῦν
814 3327 1024 3409 ἀρέσκειαν
1056 3321 1138 3405 ὄνομ’
1164 3326 1229 3406 ἔχει.
1259 3329 1283 3387 Ε
1307 3326 1438 3387 Canibri
1462 3341 1533 3387 con·

255 3427 380 3488 iectura
403 3430 510 3490 editur
532 3428 730 3509 ἀρέσκειν,
749 3435 785 3492 11
803 3447 984 3506 numquam
1005 3431 1066 3491 hoc
1080 3429 1230 3505 verbum,
1251 3430 1309 3490 sed
1321 3425 1535 3506 ἀρεσκεύεσθαι

256 3528 459 3591 adulandi
483 3547 584 3593 sensu
608 3535 764 3609 occurrit,
788 3535 884 3595 iuxta
906 3529 1044 3610 ἄρεσκος,
1067 3528 1218 3609 ἀρεσκελα,
1236 3552 1360 3607 -κευμα,
1379 3530 1535 3600 -κευτικός,

257 3627 346 3704 Quod
377 3632 538 3707 sentiens,
571 3634 696 3710 opinor,
727 3634 776 3695 Β1.
800 3634 923 3709 optime
954 3633 1088 3707 corrigit
1111 3626 1246 3710 ἀρέσκεί,
1268 3633 1333 3692 nisi
1356 3632 1442 3707 quod
1465 3645 1533 3705 pec·

257 3731 345 3790 cavit
368 3732 400 3791 in
425 3739 572 3795 accentu.
597 3735 787 3809 Legendum
811 3728 995 3812 dpeoael’.
1115 3777 1118 3783 .

213 3830 264 3891 Fr.
288 3833 341 3906 45,
359 3834 390 3893 4.
414 3831 461 3895 di.
486 3835 653 3911 Aristoph.
678 3837 738 3897 Av.
754 3836 818 3896 286
842 3837 882 3896 de
905 3832 1110 3896 01111αα1νε
1133 3833 1254 3912 θήλειαι
1276 3834 1535 3912 προσεκτίλλουσιν

258 3929 353 3992 αὐτοῦ
376 3931 412 3992 τὰ
434 3935 535 4013 πτερά.
1228 3970 1230 3976 ·
1384 3964 1387 3969 ’

213 4035 266 4096 Fr.
288 4036 340 4111 46,
369 4038 396 4096 1.
429 4037 695 4100 consideratione
725 4039 825 4115 digna
857 4040 985 4100 videtur
1010 4038 1094 4099 lenis
1118 4037 1306 4112 Headlami,
1331 4036 1535 4110 Hesychium

258 4151 285 4199 s.
311 4152 341 4198 v.
366 4138 515 4216 citantis,
541 4136 934 4218 οο1ἰεο1οτκὼραΐσμένη,
959 4140 1016 4200 sed
1048 4154 1163 4200 vereor
1192 4154 1234 4199 ne
1264 4138 1359 4198 unice
1396 4136 1536 4196 atticum

259 4235 604 4320 111ὡρρσμ1νη,οοο(1
630 4242 771 4302 sirecte
795 4242 877 4302 mihi
902 4242 1041 4316 videtur,
1066 4241 1313 4316 praeterendum
1341 4236 1537 4321 ἐξωρρσμλνη.

259 4339 334 4399 Alia
356 4343 544 4403 tentamina
566 4344 710 4419 reperies
734 4343 819 4419 apud
843 4343 892 4404 Β1.
916 4359 947 4419 p.
976 4344 1048 4404 124.

215 4442 266 4503 Fr.
289 4443 342 4517 47,
371 4444 399 4504 1.
429 4444 499 4515 τοὺς
528 4445 663 4523 κάπρους
687 4448 763 4520 quia
785 4447 955 4507 evidenter
979 4443 1168 4521 corruptum
1193 4448 1257 4521 est,
1283 4444 1362 4506 olim
1385 4445 1538 4520 proposui

259 4539 437 4621 ὀχευομὲνας
457 4542 557 4617 δὲτὰς
576 4547 685 4621 κύνας,
707 4563 846 4622 quorum
870 4547 1066 4606 animalium
1088 4546 1207 4621 coitus,
1227 4548 1265 4607 ut
1284 4546 1484 4621 gallinarum
1505 4545 1538 4605 11

260 4660 341 4720 sqq„
366 4649 513 4708 omnium
534 4650 680 4709 maxime
700 4650 914 4724 conspicitur,
936 4664 1024 4708 nunc
1046 4649 1095 4709 Bl.
1119 4645 1170 4720 τὰς
1189 4639 1280 4723 ταῶς,
1300 4662 1379 4708 aves
1399 4646 1540 4707 Athenis

259 4745 400 4807 rariores
424 4751 546 4823 (quidni
570 4751 680 4825 potius
703 4749 883 4825 κύκνουςῗ),
913 4750 971 4809 aut
993 4746 1044 4819 τὰς
1067 4747 1138 4821 ὕας,
1161 4749 1255 4823 quasi
1281 4763 1358 4809 vero
1381 4749 1443 4808 hoc
1466 4746 1540 4806 atti·

261 4860 337 4909 cum
359 4853 404 4912 sit
426 4868 484 4928 pro
507 4843 559 4921 ὗς1
584 4849 630 4911 De
653 4851 720 4910 leni
744 4850 891 4911 remedio
915 4849 1167 4924 desperandum.

216 4951 269 5014 Fr.
294 4955 347 5032 50,
376 4957 403 5015 1.
435 4951 497 5015 ult.
529 4950 578 5012 Bl.
603 4951 730 5027 Amips.
755 4951 886 5012 11711.
911 4983 953 4995 -
977 4949 1032 5023 Vs.
1057 4951 1088 5010 2.
1116 4946 1148 5008 τὸ
1172 4947 1289 5028 τάριχος
1313 4951 1402 5010 recte
1426 4947 1551 5037 probet
