3502 5512
806 347 867 406 117

218 533 391 595 Manifeste
413 535 502 594 enim
526 533 644 595 Pollux
666 533 814 595 scribens
840 531 896 592 εἰσί
919 530 952 594 δέ
974 531 1034 594 ἀπὸ
1057 535 1170 595 νούσων
1193 533 1243 595 καὶ
1266 534 1423 615 ὑποκριταί
1446 535 1496 596 καλ

218 632 429 712 ὑπόκρισις
463 632 514 693 καὶ
548 632 773 712 ἀνσλκρισις
809 637 981 710 utramque
1012 651 1129 697 vocem
1164 637 1349 712 distinguit.
1384 639 1496 700 Potuit

218 733 440 813 ἀντίκρισις
468 734 652 810 significare
683 734 917 815 ἀνθνπόκρισις,
947 737 1018 799 sive
1049 737 1189 798 duorum
1210 740 1496 813 antagonistarum

218 839 304 899 inter
337 852 373 898 se
407 837 478 897 sive
512 837 652 897 alicuius
686 852 846 913 personae
880 839 921 898 ad
956 838 1097 900 alteram
1129 840 1310 915 responsio.
1343 841 1498 901 Fortasse

217 941 331 999 autem
360 939 503 1013 pertinet
532 937 571 997 ad
595 935 726 1016 ἀγῶνας,
756 953 896 1011 quorum
919 942 1033 1001 tantae
1056 940 1190 1001 fuerunt
1212 942 1245 1000 in
1266 942 1403 1015 antiquo
1427 942 1496 1002 dra·

219 1042 310 1101 mate
332 1042 454 1114 partes.

220 1239 491 1324 Aristophontls
514 1242 552 1303 fr.
577 1243 602 1303 Ι.
627 1241 768 1318 corrigit
791 1243 919 1304 Nauck:

307 1341 406 1420 σαφὴς
430 1339 446 1402 ὁ
469 1344 552 1414 (sine
575 1359 676 1405 causa
698 1341 730 1404 δὲ
753 1345 815 1414 ΒΙ.)
837 1342 946 1423 χειμὼν
967 1353 1019 1422 τῆς
1041 1345 1146 1416 πενίας
1169 1343 1247 1405 ἐστίν
1270 1347 1391 1425 λύχνος,

307 1443 425 1504 ἅπαντα
448 1445 603 1519 φαίνων
627 1450 695 1520 (pro
718 1450 788 1516 νει)
807 1436 848 1504 ’τὰ
871 1444 948 1504 κακὰ
970 1443 1020 1504 καί
1042 1442 1078 1506 τὰ
1102 1445 1238 1524 δυσχερῆ.

219 1546 281 1608 cst.
302 1548 410 1609 Prom.
434 1548 528 1624 1015,
550 1549 660 1623 Antig.
681 1550 755 1624 665,
777 1549 879 1609 Anth.
901 1548 969 1609 Pal.
990 1548 1021 1608 X
1044 1549 1116 1625 100,
1136 1548 1266 1610 Diodor.
1287 1549 1379 1610 XVII
1396 1552 1445 1627 10,
1464 1553 1495 1611 b.

218 1649 304 1708 Num
327 1650 442 1709 tamen
464 1649 652 1709 necessaria
673 1649 719 1709 sit
742 1649 899 1710 correctio
923 1649 1047 1710 dubito.

174 1751 226 1810 Fr.
251 1751 282 1825 4,
307 1749 337 1809 2.
439 1745 479 1807 ἄν
502 1771 545 1820 τις
568 1745 661 1832 ἑστιᾷ,
684 1749 806 1828 πάρειμι
830 1759 999 1828 πρῶτος,
1023 1745 1086 1811 ὥστ’
1109 1748 1169 1829 ἤδη
1193 1751 1284 1811 πάλαι

446 1850 742 1930 <Πρωτεσί>ζωμος
766 1856 923 1929 καλοῦμαι.

217 1965 321 2026 aeque
340 1951 512 2026 ingeniosa
534 1967 573 2013 ac
595 1952 772 2028 probabilis
792 1956 842 2014 est
863 1953 898 2014 0.
912 1952 1019 2014 Crusii
1036 1954 1234 2015 coniectura.
1256 1989 1296 1998 -
1319 1955 1374 2018 Vs.
1396 1959 1426 2017 5.
1447 1956 1496 2017 Bl.

219 2050 373 2132 ἀναβῆναί
400 2073 436 2129 με
470 2053 520 2113 δεῖ
542 2053 547 2132 Ι
573 2049 687 2131 κλίμακ’
724 2052 744 2134 ἢ
778 2055 909 2133 τείχισμα
940 2055 994 2118 vel
1033 2049 1305 2133 ἀναβῆν’σἰσφαλῶς
1335 2058 1339 2136 ί
1366 2061 1494 2133 κλιμα-

218 2154 349 2215 κίδιόν
384 2153 503 2231 <εἰμι>
534 2155 766 2228 Καπανεύς.Ιο
791 2157 957 2231 posterius
980 2158 1014 2216 et
1037 2157 1106 2230 ipse
1129 2156 1242 2233 incidi,
1267 2159 1325 2219 sed
1349 2159 1497 2219 retinens

218 2256 341 2318 tradita
370 2254 524 2335 ἀναβῆναί
552 2279 579 2316 τι
608 2256 693 2336 πρὸς.
724 2258 795 2319 Non
825 2260 913 2319 enim
946 2258 1041 2318 video
1064 2258 1177 2332 quidni
1199 2255 1377 2337 ἀναβαίνειν
1400 2257 1497 2336 πρὸς

218 2358 345 2436 κλίμακα
370 2359 484 2419 eodem
508 2358 577 2419 iure
600 2359 737 2435 dicatur,
763 2374 826 2433 quo
849 2358 1088 2433 Aristophanes
1112 2358 1197 2418 dixit
1219 2359 1301 2420 Nub.
1326 2360 1410 2420 1486
1435 2357 1497 2420 έπλ

219 2459 347 2537 κλίμακα
373 2493 411 2503 -
436 2457 621 2538 ἀναβαίνων.
653 2459 726 2537 Είμι
757 2464 868 2521 autem
892 2460 1000 2521 addidi
1031 2475 1072 2521 ex
1107 2460 1293 2521 Eustathio.
1319 2494 1356 2505 -
1384 2460 1440 2522 Vs.
1465 2464 1496 2525 7.

219 2560 386 2633 κονδύλους
414 2561 551 2620 πλάττειν
580 2561 778 2622 ludibundus
809 2565 906 2637 poeta
936 2561 1028 2636 dicit,
1059 2561 1209 2622 alludens
1244 2562 1284 2621 ad
1319 2561 1498 2640 κανδύλους,

219 2665 335 2724 notum
369 2663 596 2737 placentae
630 2678 733 2737 genus
775 2663 826 2733 (ct.
862 2665 917 2724 Ar.
953 2663 1026 2723 Pac.
1066 2664 1150 2733 123).
1189 2663 1295 2723 Locus
1329 2664 1497 2725 immerito

218 2764 426 2840 sollicitatur,
458 2767 491 2824 et
521 2765 674 2838 quamvis
701 2765 824 2827 dudum
848 2765 909 2825 hoc
933 2764 1132 2840 monuerim,
1157 2765 1340 2825 novissime
1364 2780 1383 2825 a
1406 2765 1498 2840 Bloy·

220 2865 310 2926 desio
333 2866 543 2941 ineptissima
565 2867 750 2927 coniectura
773 2866 892 2926 πάσσειν
917 2868 951 2926 et
972 2866 1058 2927 aliis.

176 2968 227 3027 Fr.
252 2968 282 3042 7,
310 2968 325 3026 1
351 2970 385 3026 et
408 2968 437 3026 2.
463 2966 630 3042 Quomodo
661 2968 694 3026 hi
722 2967 786 3028 duo
810 2983 876 3028 vss.
902 2967 1101 3028 cohaereant
1124 2967 1207 3028 mihi
1231 2966 1406 3027 obscurum
1431 2970 1496 3049 est,

218 3082 278 3128 nec
304 3067 522 3142 dispelluntur
547 3068 701 3128 tenebrae
725 3068 891 3143 Blaydesii
921 3069 1108 3130 coniectura
1138 3068 1194 3146 γάρ
1218 3066 1292 3126 εἰσιν
1316 3066 1420 3127 αὑταιί
1440 3083 1498 3143 pro

219 3165 502 3249 παρεσκευασμέναι.
533 3200 570 3210 -
597 3168 653 3229 Vs.
676 3170 706 3230 4.
735 3190 766 3248 γε
786 3185 843 3244 pro
862 3169 894 3228 τὸ
914 3169 1085 3230 Headlam.
1107 3168 1215 3229 Verba
1238 3169 1358 3230 ultima
1379 3167 1430 3228 καὶ
1455 3203 1495 3213 -

220 3269 384 3345 Λακωνική
418 3268 556 3330 obscura
591 3271 669 3329 sunt
699 3269 887 3345 Blaydesio,
920 3271 975 3344 qui
998 3271 1087 3330 recte
1109 3284 1268 3344 personae
1292 3272 1330 3332 Α.
1363 3271 1498 3333 reddere

221 3371 360 3445 videtur,
385 3384 445 3429 nec
468 3370 537 3445 ipse
561 3370 709 3445 expedio.

176 3473 228 3533 Fr.
249 3473 325 3548 9,1.
343 3470 501 3546 Corrupta
519 3475 598 3532 sunt
618 3472 718 3533 verba
736 3471 853 3531 πάλαι
877 3470 975 3532 ποτέ.
997 3472 1069 3533 Non
1088 3472 1212 3548 inepte,
1233 3473 1291 3533 sed
1305 3474 1496 3552 violentius,

222 3573 312 3634 Koclr
354 3571 600 3645 ὑλανοπόνας
643 3574 796 3649 coniecit,
841 3574 893 3634 cui
934 3574 1113 3647 suspicioni
1149 3575 1238 3634 certe
1271 3576 1500 3649 posthabenda

221 3675 385 3750 Blaydeeii
408 3677 598 3735 commenta
619 3673 732 3752 μόνους
755 3674 870 3750 σοφούς
893 3673 1054 3735 velociter
1079 3675 1175 3749 (quod
1195 3677 1355 3750 ineptum)
1375 3678 1498 3752 σοφούς.

221 3775 271 3837 lle
301 3774 448 3836 nondum
472 3776 620 3850 poenitet
638 3774 774 3836 lenioris
792 3790 891 3850 quam
915 3777 1068 3851 proposui
1096 3776 1293 3837 mutationis
1315 3778 1499 3837 ταλαντά-

221 3897 328 3953 ισυς,
357 3876 494 3951 probata
516 3891 591 3937 cum
621 3876 755 3951 reliquis
778 3877 901 3938 criticis
924 3878 1076 3938 Meinekii
1099 3879 1300 3939 correctione
1322 3877 1500 3958 λεγομένους

221 3993 278 4054 pro
300 3974 477 4056 γινομένους
500 3982 560 4049 (vs.
587 3980 627 4048 2).
654 4013 694 4023 -
718 3979 774 4040 Vs.
799 3981 830 4042 8.
854 3979 946 4057 ἰχθύν
968 3995 1027 4056 pro
1050 3980 1138 4058 ἰχθῦς
1158 3981 1241 4040 citra
1263 3981 1498 4042 necessitatem

222 4079 288 4153 Bl.;
312 4078 438 4153 siquid
461 4079 506 4139 sit
530 4081 740 4157 mutandum,
765 4082 880 4142 eodem
903 4082 973 4142 iure
996 4082 1104 4157 possis
1127 4079 1198 4159 κρέα
1221 4097 1279 4156 pro
1302 4079 1399 4159 κρέας.

179 4183 229 4242 Fr.
257 4182 307 4256 10,
332 4182 363 4242 3.
387 4183 492 4257 θύμου
516 4198 574 4257 pro
597 4182 707 4259 θύμων
730 4183 846 4243 malim
870 4198 945 4244 cum
969 4184 1017 4244 Bl.
1043 4182 1123 4244 Vitii
1150 4199 1250 4244 causa
1273 4183 1335 4244 fuit
1357 4199 1499 4258 sequens

222 4281 368 4361 λαχάνων.
382 4316 422 4326 -
435 4282 491 4343 Vs.
516 4285 536 4343 4
560 4281 706 4360 μηδέποτε
732 4300 790 4359 pro
816 4282 891 4362 πρὸς
914 4284 946 4344 πὸ
970 4282 1010 4361 μὴ
1029 4285 1131 4360 idem,
1153 4288 1188 4345 at
1207 4285 1247 4345 cf.
1270 4287 1350 4346 vsl
1372 4282 1447 4363 πρὸς
1467 4282 1499 4345 τὸ

221 4393 338 4462 πεινῆν.
352 4384 531 4445 -Ibidem
544 4400 602 4460 pro
620 4383 742 4464 ῥύπος
763 4386 839 4455 (nisi
851 4386 935 4447 forte
947 4385 1114 4461 probanda
1125 4388 1179 4446 est
1190 4387 1377 4463 aptissima,
1400 4402 1498 4462 quam

222 4489 353 4562 propter
374 4487 565 4548 violentiam
585 4487 675 4548 Koclr
696 4488 868 4549 damnavit
887 4490 984 4548 vetus
1003 4503 1078 4548 mea
1096 4488 1250 4563 suspicio)
1263 4503 1501 4564 nuncpropono

223 4587 385 4666 κάπρος,
404 4589 489 4663 quod
507 4589 688 4649 convitium
701 4591 802 4650 etiarn
816 4591 950 4663 gravius
963 4592 1015 4650 est
1026 4605 1123 4664 quam
1138 4597 1206 4664 σῦς,
1224 4604 1308 4663 quae
1321 4589 1427 4651 bestia
1438 4589 1500 4651 sal·

222 4693 292 4751 tem
311 4691 352 4751 ab
371 4691 525 4766 agricolis
544 4690 711 4751 interdum
730 4691 871 4752 lavatur.
886 4726 927 4734 —
941 4691 997 4752 Vs.
1012 4693 1041 4751 7.
1062 4692 1198 4752 Frustra
1218 4690 1268 4751 Bl.
1280 4693 1394 4755 tuetur
1412 4683 1498 4768 μήθ’

224 4788 336 4870 ὁρᾶν,
371 4792 475 4866 quod
511 4790 653 4867 pulvis
685 4793 822 4853 visum
852 4793 1073 4868 impediat,
1105 4808 1170 4854 non
1202 4796 1360 4868 reputans
1385 4793 1500 4868 ‘ipsum

224 4894 394 4969 pulverem
418 4895 480 4955 dici
499 4910 564 4955 non
583 4910 679 4969 posse
703 4910 781 4956 non
806 4895 959 4956 videre.
985 4895 1131 4969 Reliquis
1152 4896 1349 4955 coniecturis
1369 4893 1501 4954 accedat
