3502 5512
854 308 897 366 40

214 493 265 553 Fr.
292 494 364 554 192.
390 493 541 568 Speciosa
564 494 630 554 Bt:

500 590 643 672 περὶτοῦ
666 594 723 675 γὰρ
747 593 819 672 ὑμῖν
843 592 919 667 ἐστις
942 593 1010 675 περὶ
1033 594 1107 658 όνοο
1130 607 1231 671 σκιᾶςς

255 694 373 755 deletis
396 695 505 756 verbis
529 694 545 755 ό
568 695 695 774 πόλεμος
718 705 791 771 νῦν,
813 699 851 756 ut
868 697 1175 772 interpretamento.
1196 698 1259 760 oft.
1279 699 1335 774 qu.
1349 701 1403 761 87.
1424 700 1538 762 Simile

256 798 427 869 comparat
449 793 573 856 Cratini
596 797 635 857 fr.
664 797 725 857 163
750 794 817 873 ττερί
841 796 984 875 σταγόνος
1008 798 1109 875 βοείας
1131 799 1304 877 μαχόμενος.

211 895 263 967 Fr.
290 897 363 971 198,
391 899 418 956 1.
443 896 746 959 Grammaticorum
770 898 971 959 testimoniis
990 899 1039 959 Bl.
1061 901 1151 961 addit
1169 901 1309 961 Philom.
1329 901 1408 960 Lex.
1427 916 1458 975 p.
1474 901 1536 962 125

255 1004 308 1056 τοῦ
333 992 365 1056 δὲ
388 994 625 1076 σορέλληνος
649 995 832 1076 σαφέστερον
856 997 898 1070 είς
922 999 955 1070 [l.
977 997 1047 1071 ἐστι]
1070 1008 1194 1078 σκῶμμα
1220 1000 1252 1060 τό
1280 998 1536 1080 τομβογίρων

255 1096 336 1175 παρὰ
359 1107 398 1179 τῷ
421 1107 549 1181 κωμικῷ.
575 1134 616 1143 -
642 1099 697 1160 Vs.
722 1102 752 1160 6.
777 1096 977 1177 τόιττοβήσεται
1008 1101 1057 1160 Bi.
1089 1102 1144 1162 ort.
1176 1103 1239 1162 dv.
1274 1101 1359 1162 1530
1389 1105 1424 1162 01
1453 1101 1536 1163 Nub.

258 1200 353 1259 1174.
377 1199 523 1260 Permire
546 1199 638 1260 Kock
663 1215 712 1260 vs.
737 1202 756 1260 5
781 1203 814 1260 et
838 1202 857 1260 6
881 1201 1011 1275 Bergkii
1043 1203 1267 1263 coniecturam
1295 1199 1479 1280 deodiceret
1503 1206 1538 1263 et

253 1296 466 1377 τάττοβόσεται,
489 1316 589 1375 quam
612 1303 683 1375 ipse
706 1302 776 1362 iure
800 1301 990 1379 damnavit,
1015 1305 1140 1379 recepit
1161 1305 1195 1363 in
1218 1306 1360 1365 textum.

213 1403 264 1461 Fr.
292 1402 366 1462 199.
391 1401 571 1462 Headlam:

413 1501 461 1563 σοί
483 1501 540 1582 γὰρ
564 1497 719 1580 σοφίσματ’
746 1501 843 1576 ἔστινς
869 1498 968 1566 (ὅτ’)
997 1501 1053 1583 ἐγὼ
1072 1499 1258 1583 ’κτησόμην,
1279 1504 1335 1565 uri.

256 1606 341 1679 quod
366 1598 402 1664 ὅτ’
431 1601 487 1683 ἐγὼ
507 1599 640 1682 ’κτόμην
665 1604 840 1665 dicendum
864 1605 981 1666 iuerat.
1006 1606 1121 1667 Melius
1144 1606 1247 1669 Kock.

211 1707 263 1766 Fr.
290 1707 364 1781 200,
392 1707 420 1764 1.
450 1705 499 1766 Bl.
527 1705 583 1766 ert.
607 1704 736 1765 Alexid.
761 1706 808 1764 III
832 1707 897 1765 402
923 1706 986 1775 (Μ.)
1017 1702 1033 1765 ό
1064 1707 1260 1786 ζωμοτάριχος
1291 1706 1462 1786 ὑποκριτής.
1495 1741 1533 1752 -

254 1807 309 1868 Vs.
335 1809 365 1867 2.
389 1811 492 1877 κακοῖς
515 1822 574 1881 pro
597 1804 674 1865 κατὰ
698 1807 782 1866 citra
804 1807 1041 1867 necessitatem
1065 1809 1206 1869 coniecit
1227 1809 1325 1869 idem.

211 1909 263 1969 Fr.
288 1908 363 1968 203.
387 1908 435 1967 Β1.
460 1908 516 1968 cit.
542 1909 639 1981 Vesp.
666 1908 728 1967 737
753 1909 788 1967 01
811 1907 852 1967 ad
876 1907 915 1967 ir.
940 1908 1005 1967 210
1028 1907 1127 1983 Vesp.
1155 1909 1228 1969 124.

212 2011 263 2070 Fr.
289 2011 364 2070 201.
403 2009 550 2085 „Allusio
582 2024 656 2069 esse
687 2007 818 2068 videtur
849 2008 888 2068 ad
919 2009 1117 2070 macilentos
1148 2009 1223 2070 ilios
1253 2010 1383 2084 legatos
1413 2010 1470 2085 qui
1496 2010 1538 2070 ad

256 2112 376 2172 Orcum
401 2126 421 2171 a
443 2110 551 2186 poetis
573 2110 695 2170 Atticis
719 2109 856 2170 demissi
880 2125 954 2170 esse
978 2108 1169 2185 finguntur’
1193 2111 1241 2172 Bi.
1273 2111 1307 2170 Si
1330 2111 1449 2172 allusio
1472 2114 1537 2180 est.

257 2213 396 2272 obscura
420 2213 472 2272 est
495 2211 690 2272 admodum!

213 2315 265 2374 Fr.
291 2314 366 2373 205.
391 2313 483 2372 Idem
507 2312 548 2372 ci.
575 2311 689 2372 Eubui.
718 2312 781 2371 100
805 2314 839 2371 et
861 2311 991 2372 Alexid.
1017 2312 1069 2372 60.

213 2416 264 2474 Fr.
291 2415 366 2474 209.
390 2413 548 2487 Proponit
571 2406 672 2491 ἔγνωκ’
695 2409 752 2491 ἐγὼ
775 2412 840 2482 (vol
863 2409 979 2490 ἔγνωκα
1002 2410 1069 2490 γὰρ)
1091 2411 1096 2488 Ι
1117 2411 1149 2471 τὸ
1175 2411 1297 2490 χαλκίον
1315 2407 1399 2472 τοῦθ’
1422 2411 1539 2471 ἱστάναι

256 2512 307 2574 καλ
331 2513 479 2592 μυρρίνας
500 2512 505 2589 Ι
526 2511 561 2572 τὰ
584 2513 756 2590 κοτταβεῖα,
778 2512 851 2572 0011.
876 2512 960 2573 Plat.
984 2514 1038 2586 46,
1063 2513 1093 2572 7.

212 2617 264 2678 Fr.
291 2617 365 2676 214.
390 2616 503 2676 Placet
526 2615 673 2675 eiusdem
699 2620 740 2689 (p.
766 2615 841 2683 305)
862 2615 1052 2675 coniectura
1071 2611 1140 2690 οόκ,
1159 2611 1232 2673 ἀλλὰ
1251 2613 1338 2673 τοῦτό
1357 2607 1382 2692 γ’
1396 2608 1537 2691 ἡττίχυσις

255 2726 308 2778 τοῦ
339 2716 474 2794 χαλκίον,
505 2716 683 2790 displicent
712 2730 796 2788 quae
819 2715 991 2789 proposuit
1014 2715 1176 2776 violenter
1199 2730 1229 2789 p.
1255 2715 1311 2789 58,
1343 2729 1404 2775 nec
1426 2729 1538 2775 neces·

255 2819 381 2879 sarium
405 2817 535 2877 videtur
558 2809 634 2876 τοῦτ’
661 2811 713 2874 ἔστ’
740 2819 782 2890 (p.
808 2816 895 2884 305).

211 2920 263 2980 Fr.
287 2920 362 2994 216,
387 2919 417 2978 3.
452 2915 657 2995 Σοβαριτικός
687 2910 707 2974 τ’
742 2913 867 2992 εὐωχίας
899 2914 1015 2974 malim
1047 2930 1122 2975 oum
1153 2915 1201 2975 Bi.
1234 2914 1356 2976 Contra
1384 2913 1538 2993 Λεσβίδας

254 3024 419 3098 (γυναῖκας)
444 3019 593 3079 Pherecr.
619 3018 650 3077 ii
674 3017 738 3077 339
769 3031 835 3076 non
863 3016 1065 3076 mutaverim
1094 3031 1169 3076 cum
1194 3017 1308 3077 eodem
1332 3017 1366 3076 in
1393 3016 1537 3095 Λεσβλας.

209 3122 260 3181 11.
287 3122 361 3180 217.
387 3119 614 3180 Praecessisse
637 3113 729 3177 οὐδὲν
751 3115 822 3176 ἄλλο
846 3117 1038 3191 suspicatur
1061 3117 1109 3177 Bl.

210 3223 262 3282 Fr.
288 3222 363 3281 218.
388 3221 449 3281 oft.
474 3220 588 3294 Eupol.
614 3219 700 3292 338;
725 3217 842 3278 Eubul.
867 3218 919 3293 37,
947 3218 976 3277 2.

211 3324 262 3383 11.
287 3323 362 3382 221.
389 3321 479 3382 citat
502 3319 539 3380 G.
563 3320 604 3380 111.
630 3318 780 3378 Schmidt
804 3319 843 3378 de
866 3318 994 3392 Dithyr.
1019 3333 1048 3392 p.
1075 3318 1150 3378 258.

210 3425 261 3484 11.
287 3424 361 3483 223.
387 3423 436 3482 Bi.
461 3414 549 3480 oniti
572 3417 643 3478 όττα
666 3415 850 3497 κόλκμᾶνος,
874 3418 947 3479 coll.
972 3418 1084 3492 Eupol.
1113 3419 1185 3494 139,
1207 3419 1276 3493 ipse
1298 3423 1411 3481 tamen
1430 3421 1538 3481 citans

255 3524 470 3600 11101280.
1304 3521 1307 3530 “

209 3626 261 3687 11.
286 3627 361 3685 224.
385 3623 539 3701 ἱμερόεντα
563 3621 723 3695 Hiibergii
747 3623 800 3680 est
824 3621 1025 3695 coniectura,
1051 3623 1088 3680 ut
1112 3620 1243 3680 monuit
1264 3620 1388 3680 Nauck.

209 3727 261 3786 Fr.
287 3727 363 3786 242.
391 3725 437 3784 De
461 3719 666 3801 ὀρτυγοκόπον
696 3720 810 3781 Nauck
837 3721 919 3781 citat
948 3720 1051 3782 schol.
1084 3721 1139 3780 Ar.
1171 3721 1232 3780 Av.
1268 3722 1363 3796 1297,
1399 3723 1448 3782 sic
1483 3739 1536 3783 ex-

252 3828 380 3903 pletum
425 3841 445 3885 a
485 3823 607 3885 Coboto
651 3821 865 3900 Ἀριστοφάνης
902 3817 961 3880 <iv
1005 3825 1185 3881 Δαιταλεῦσι
1226 3819 1275 3880 καλ
1313 3822 1470 3883 Πλάτων)
1505 3821 1537 3883 ἒν

256 3928 423 4007 Περιόλγει.

210 4032 262 4092 Fr.
288 4031 363 4090 248.
499 4033 601 4085 κακῶν
625 4022 776 4082 τοσούτων
808 4018 949 4100 ξυνελέγη
973 4043 1024 4097 μοι
1048 4020 1234 4100 σώρακος.

254 4125 329 4209 Παρ’
355 4128 505 4189 ὑπόνοιαν
529 4126 675 4187 0011110110
698 4124 784 4184 dixit
807 4121 941 4200 σώρακος
964 4138 1022 4197 pro
1046 4121 1149 4200 σωρός.
1174 4122 1221 4183 01.
1245 4123 1331 4185 Ρ1111.
1359 4125 1424 4185 270
1448 4143 1537 4204 κρεσ-

254 4234 385 4311 βντικῶν
413 4226 467 4308 μὲν
498 4219 555 4289 οὖν
577 4233 708 4285 κακῶν
741 4217 822 4302 ἔγωγ’
849 4220 953 4300 ἔχοντα
978 4222 1103 4300 σωρόν
1127 4224 1160 4282 01
1184 4222 1248 4283 804
1271 4219 1344 4300 ἡμῖν
1367 4224 1423 4305 γὰρ
1448 4224 1537 4306 αἰγα-

253 4339 335 4393 θῶν
358 4330 481 4410 σωρὸς
506 4328 535 4400 ἐς
558 4327 612 4406 τὴν
636 4325 735 4386 οἰκίαν
756 4324 761 4401 Ι
784 4321 1011 4383 ἕτεεισττέτταικεν
1036 4318 1126 4382 οὐδὲν
1149 4319 1335 4400 ἠδικηκόσιν.

209 4437 260 4495 11.
285 4425 397 4495 acad
421 4429 487 4509 μέλε
511 4445 568 4506 pro
592 4423 642 4505 ἐμὲ
665 4426 807 4487 coniecit
830 4423 879 4483 Bl.
906 4423 1037 4498 Optime
1062 4423 1162 4484 Cobet
1189 4422 1278 4496 <ἐς>
1307 4421 1364 4502 ἐμὲ.

209 4537 260 4597 11.
286 4537 360 4595 267.
397 4534 446 4593 Β1.
481 4532 578 4592 malit
607 4527 688 4598 τινός
719 4541 777 4599 pro
807 4521 855 4582 ἑνί
882 4524 942 4593 (sic
971 4523 1095 4583 Porson
1126 4539 1183 4598 pro
1212 4522 1278 4594 ἔνι).
1306 4526 1422 4601 Quidni
1444 4526 1537 4602 ἑνός1

253 4637 345 4696 idem
377 4634 472 4696 Add.
503 4650 532 4707 p.
557 4634 622 4693 305
654 4625 722 4697 ἑνός
745 4623 778 4703 γε’
801 4645 869 4695 του,
900 4624 974 4685 οο11.
1006 4624 1156 4684 Pherecr.
1183 4626 1236 4686 77.
1262 4626 1323 4686 Sed
1348 4631 1437 4688 recte
1461 4630 1536 4691 Por·

210 4735 623 4898 Frioiioiffi’riioiiiiinekii
648 4829 839 4891 coniectura
862 4822 1117 4904 ἐσκροοσαμίνοος
1137 4825 1216 4886 iacit
1235 4826 1385 4888 Pherecr.
1405 4829 1444 4890 ir.
1461 4832 1535 4893 105.
