3502 5512
852 361 890 420 21

256 536 407 613 κηθάριον
441 535 530 617 ἔχων,
563 555 646 614 quae
677 557 793 615 parum
824 544 980 604 arrident.
1013 541 1046 601 Si
1078 556 1153 600 cum
1179 540 1339 600 Meinekio
1363 541 1454 601 locus
1479 541 1533 601 ubi

255 638 427 700 ludebatur
457 641 698 716 intellegendus
721 647 785 718 est,
818 643 1065 719 corrigendum:

500 740 572 802 κάν
595 749 677 815 τοῖς
706 745 811 822 κύβοις
835 740 928 822 ἕστηκ’
954 744 1028 822 ἔχων
1052 742 1084 801 τὸ
1108 743 1228 818 κήθιον.

255 843 414 902 Incertior
437 846 550 905 tamen
574 845 682 905 omnis
706 848 777 906 tam
801 846 910 907 brevis
934 844 1113 920 fragmenti
1137 844 1340 927 emendatio.¹

211 944 263 1004 Fr.
290 945 341 1005 29.
366 945 414 1006 Bl.
438 951 569 1024 κεφαλῆς
593 963 651 1023 pro
675 947 792 1025 φήμης,
820 949 929 1024 aptius
952 961 1033 1007 sane
1058 960 1157 1019 quam
1181 952 1286 1021 φωνῆς
1310 944 1432 1018 (Koclr),
1457 946 1534 1019 quia

255 1045 372 1105 durum
396 1048 448 1107 est
471 1044 699 1126 ἐξανοιγομένφς
723 1048 859 1123 iungere
883 1064 959 1109 curn
983 1047 1140 1122 δοθιῆνος.

211 1145 263 1205 Fr.
288 1147 341 1207 31.
374 1148 407 1207 Si
437 1149 662 1209 restituendus
692 1152 896 1226 tetrameter,
928 1165 1002 1210 cum
1041 1148 1089 1208 Bi.
1123 1148 1180 1207 vix
1208 1150 1297 1208 recte
1329 1148 1537 1222 rescripseris

255 1248 503 1324 κρεμβαλιάζουσι
530 1258 776 1327 <κροτοῦντες>.
800 1251 913 1311 Placet
935 1249 1019 1310 mihi
1042 1248 1156 1309 Cobeli
1179 1248 1333 1324 suspicio.

211 1349 263 1408 Fr.
288 1350 341 1408 34.
366 1350 489 1411 Polluci
512 1351 560 1412 Bl.
585 1352 691 1413 reddit
713 1352 829 1411 λιθίδιον
852 1368 910 1435 pro
933 1351 1068 1410 λιθίδιοι.

211 1450 263 1511 Fr.
288 1451 341 1526 35,
370 1453 398 1512 1.
433 1452 496 1513 Pro
526 1451 558 1512 οἱ
583 1451 639 1531 γὰρ
668 1453 742 1512 libri
772 1453 848 1514 Ath.
874 1453 954 1513 PVL
976 1461 1035 1512 νῦν
1059 1452 1091 1512 οἱ
1112 1451 1177 1532 γάρ.
1201 1452 1287 1513 Hine
1309 1452 1357 1512 Bl.
1383 1448 1452 1511 νυνὶ
1476 1449 1531 1530 γὰρ

259 1551 416 1628 concap>
431 1551 596 1630 πενόμενοι.
617 1554 708 1615 Idem
729 1569 777 1614 vs.
796 1556 815 1614 2
835 1558 924 1616 recte
944 1553 1045 1633 βοίδια
1070 1559 1098 1623 (e
1123 1569 1153 1613 v.
1167 1553 1188 1614 l.
1202 1553 1313 1629 βοΐδια)
1333 1568 1391 1628 pro
1414 1553 1531 1630 βούόια.

211 1651 262 1712 Fr.
286 1654 339 1714 36.
364 1654 495 1729 Optime
518 1654 566 1715 Bl.
596 1655 825 1729 ,Describitur‚
850 1657 883 1715 ni
908 1656 1013 1730 fallor,
1042 1655 1182 1730 virginis
1206 1654 1346 1715 alicuius
1368 1654 1534 1715 formosae

254 1755 454 1816 rubicundus
476 1771 636 1830 genarum
660 1756 758 1818 color.
783 1756 974 1817 inconsulto
996 1756 1087 1817 Koclr
1112 1756 1196 1816 coni.
1221 1753 1375 1833 ἔγχυλον.”

211 1853 262 1915 Fr.
287 1856 340 1916 37.
364 1857 453 1918 Bene
480 1858 567 1919 idem
590 1856 778 1934 πανσέληνον
802 1859 971 1933 explicans
994 1855 1088 1917 πλέον
1111 1873 1131 1918 a
1154 1857 1352 1918 coniecturis
1376 1857 1533 1917 vindicat.

257 1953 386 2017 (tomice
410 1957 545 2018 dictum.
1480 1985 1482 1988 ·

211 2057 262 2117 rr.
290 2059 343 2117 41.
379 2058 467 2118 Meas
502 2060 708 2120 coniecturas
742 2056 882 2119 ἔνέιιανιτε
917 2064 951 2120 et
985 2054 1037 2118 τιν’
1076 2064 1169 2134 (quas
1209 2058 1370 2120 Meinelrio
1408 2059 1534 2129 tribuit)

256 2158 371 2233 probat
393 2158 460 2231 Bl.,
484 2160 523 2220 de
548 2175 638 2221 more
662 2164 774 2220 tamen
799 2162 869 2235 ipse
892 2160 958 2220 alia
981 2175 1165 2236 proponens
1187 2175 1217 2235 p.
1243 2160 1295 2220 30.

212 2258 263 2318 Fr.
289 2261 341 2335 45,
369 2261 396 2320 1.
421 2259 574 2321 Nondum
597 2277 652 2323 me
675 2263 824 2336 poenitet
848 2263 1069 2323 coniecturae:

250 2359 277 2418 εἰ
296 2355 322 2417 d'
350 2360 505 2438 <ἶχθύες>
529 2353 569 2439 ἧν
588 2361 620 2421 τὸ
640 2361 726 2442 γένος
752 2364 923 2428 <τοὺ>των
946 2361 1025 2426 (καὶ
1044 2360 1116 2440 alp>
1138 2360 1254 2422 τοιόνδε
1274 2361 1421 2440 μάχεσθαι
1440 2359 1495 2420 nrt.

257 2461 364 2522 deleto
393 2471 452 2522 ιον
481 2460 669 2541 ἀνθρώπων,
695 2465 896 2540 glossemate
920 2464 1123 2541 pronominis
1146 2463 1268 2523 τούτων.
1295 2499 1333 2508 -
1359 2463 1414 2524 Vs.
1439 2465 1470 2524 3.
1494 2459 1534 2521 ilo

258 2578 316 2638 pro
341 2558 384 2639 ἄρ’
412 2564 470 2624 vix
493 2566 582 2626 recte
605 2565 654 2626 Bl.

211 2664 263 2725 Fr.
288 2666 342 2740 40,
367 2666 398 2726 4.
423 2666 541 2727 Glover
564 2668 685 2741 repetit
708 2667 851 2743 Emperii
875 2667 957 2729 coni.
982 2665 1066 2745 ψυχὴ
1091 2661 1119 2727 δ’
1145 2663 1295 2738 ἀτέλεστος
1317 2666 1457 2736 tarcum
1476 2667 1534 2727 sed

257 2766 341 2825 haud
372 2765 445 2828 sine
474 2783 575 2828 causa
605 2768 729 2829 Koclrio
760 2771 936 2844 suspectus
968 2771 1020 2830 est
1046 2769 1077 2830 h.
1102 2769 1124 2830 l.
1149 2784 1265 2830 versus
1295 2769 1533 2845 paroemiacus.

255 2866 410 2929 Fortasse
433 2868 608 2943 legendum
631 2867 715 2948 ψυχὴ
739 2864 767 2928 δ’
793 2867 943 2942 detrectas
966 2868 1090 2929 ὕπεσιίν
1113 2888 1176 2938 σοις
1203 2871 1412 2945 Ingeniosius
1435 2884 1533 2943 quam

255 2970 364 3029 verius
384 2969 432 3030 Bl.
452 2968 506 3045 ιήν
528 2969 631 3048 ψυχὴν
661 2968 694 3030 et
717 2970 871 3041 πελειάδος
895 2970 1000 3049 ἴσχεις,
1022 2973 1108 3046 cuod
1132 2973 1205 3047 ipsa
1224 2971 1382 3032 violentia
1401 2971 1534 3031 damna·

254 3075 317 3147 tur,
352 3086 413 3131 nec
446 3073 613 3146 probanda
642 3072 770 3133 inutilis
800 3073 949 3133 eiusdem
978 3074 1060 3134 coni.
1098 3088 1146 3133 vs.
1179 3074 1197 3132 2
1230 3069 1262 3131 ἕν
1292 3069 1387 3155 ἀκόνῃ
1417 3088 1476 3148 pro
1504 3066 1531 3130 δ’
1625 3116 1627 3120 .

254 3168 365 3255 αἰιονρ,
388 3187 487 3246 quam
510 3174 680 3248 suggessit
703 3174 733 3234 ei
756 3172 902 3234 Coraesii
924 3174 1165 3248 interpretatio,
1186 3177 1219 3234 et
1242 3173 1327 3234 falsa
1345 3177 1398 3234 est
1417 3174 1534 3234 Mureti

255 3289 354 3348 quam
385 3276 595 3337 commendat
629 3277 817 3337 coniectura
846 3274 1118 3354 παραθηγομένον,
1152 3276 1230 3348 quia
1259 3275 1426 3349 iungenda
1456 3280 1536 3334 sunt

257 3376 358 3435 verba
381 3373 581 3455 κάγχειριδίου
604 3376 737 3448 κοπίδος.

211 3475 263 3536 Fr.
286 3477 339 3551 47,
368 3479 398 3537 3.
423 3476 595 3537 Fortasse:
619 3474 727 3554 κνημὶς
751 3473 784 3536 δὲ
814 3473 881 3553 περὶ
905 3485 1061 3554 σφυροῦ
1085 3471 1193 3554 ἄρθρ
1219 3475 1333 3554 ἴσχει.
1357 3477 1533 3551 Perperam

255 3576 347 3637 Koclr
363 3574 565 3653 ἀριύεται,
584 3579 669 3652 quod
683 3579 820 3639 verbum
833 3579 919 3654 apud
931 3578 1061 3639 Atticos
1073 3593 1205 3653 semper
1219 3578 1367 3639 vocalem
1376 3578 1535 3652 producit.

211 3677 263 3738 Fr.
288 3680 341 3752 54,
358 3681 386 3739 l.
410 3679 458 3739 Bl.
483 3677 532 3737 nal
556 3688 718 3758 κωπητῆρα
741 3682 799 3741 aut
822 3679 873 3739 τόν
897 3701 926 3740 τε
950 3689 1135 3757 τροπωτῆρα.
1161 3681 1195 3740 Si
1219 3680 1295 3754 quid
1319 3680 1534 3754 mutandum,

257 3795 305 3840 vs.
331 3780 350 3839 2
382 3781 496 3841 malim
528 3780 559 3840 τό
589 3802 618 3840 τι
649 3785 718 3856 (pro
742 3778 802 3852 καὶ)
825 3781 1076 3860 προσκεφάλαιον.
1104 3816 1143 3825 -
1168 3782 1223 3841 Vs.
1249 3784 1268 3841 3
1299 3796 1364 3842 non
1388 3781 1535 3856 praefero

255 3882 403 3943 eiusdem
427 3882 696 3957 supplementum
721 3880 776 3961 ἐγὼ
799 3882 954 3961 porratae
976 3882 1116 3943 Dobraei
1140 3883 1288 3943 invento.

211 3981 263 4041 Fr.
289 3983 341 4058 58,
367 3985 386 4043 3
410 3998 458 4057 sq.
483 3984 614 4058 Bergkii
637 3986 720 4045 coni.
746 3984 862 4060 probat
885 3984 950 4058 Bl.;
975 3984 1024 4045 ita
1045 3986 1158 4044 tamen
1183 3983 1279 4043 malit
1302 3981 1383 4061 ἔχεις.
1524 4050 1526 4054 ,

212 4084 264 4144 Fr.
289 4085 342 4159 63,
368 4088 398 4145 5.
434 4085 558 4143 πάντα
593 4085 733 4163 ταρίχη
767 4086 1024 4146 salsamenti
1056 4099 1173 4146 omne
1209 4100 1351 4158 genus.
1386 4085 1535 4145 Pessime

257 4183 364 4244 ιινιιιτὰ
383 4186 433 4246 Bl.
457 4187 553 4248 Add.
577 4203 607 4261 p.
634 4188 708 4247 289.
726 4219 762 4228 -
778 4187 832 4248 Vs.
859 4189 889 4247 6.
914 4188 1014 4248 Recte
1033 4187 1121 4247 idern
1141 4186 1257 4260 probat
1276 4186 1412 4246 lacobsii
1427 4202 1535 4247 emen·

257 4286 424 4348 dationem
467 4278 527 4346 αὖτ’
572 4289 779 4362 (quantocius
821 4289 1067 4363 recipiendam),
1117 4289 1190 4349 coll.
1234 4288 1351 4362 Metag.
1387 4287 1419 4345 Π
1453 4289 1534 4362 151;

257 4387 378 4450 Oratio.
410 4389 442 4448 II
476 4391 555 4463 111;
589 4391 643 4464 Ar,
675 4388 772 4464 Vesp.
807 4390 901 4465 1015,
934 4390 1008 4449 Pac.
1044 4390 1138 4450 1270.
1164 4423 1204 4430 —
1229 4388 1284 4448 Vs.
1313 4389 1536 4449 radicatio

257 4490 444 4552 Atticorum
487 4491 691 4552 hexametris
725 4491 854 4550 nullum
889 4492 996 4551 norim
1030 4490 1106 4550 huis
1143 4490 1295 4551 licentiae
1330 4490 1535 4566 exemplum,

257 4606 338 4652 usus
367 4597 481 4654 tamen
517 4594 685 4668 epicorum
716 4593 800 4652 satis
829 4592 914 4653 tueri
945 4592 1074 4652 videtur
1106 4607 1204 4665 quarn
1231 4591 1424 4651 adulescens
1450 4592 1535 4653 solli·

256 4694 357 4755 citavi
386 4695 595 4769 scripturam.
620 4694 699 4754 Post
722 4691 863 4754 ἐντεῦθεν
887 4693 1049 4768 virgulam
1072 4707 1130 4768 pro
1154 4695 1277 4768 puncto
1302 4693 1422 4754 melius
1444 4694 1537 4769 ponit

257 4796 306 4856 Bi.
330 4829 369 4839 -
393 4795 448 4856 Vs.
476 4797 526 4859 10.
557 4796 746 4870 Legendum
778 4793 1001 4871 Κορκυραίους,
1025 4809 1109 4869 quae
1139 4796 1297 4855 constans
1331 4797 1383 4855 est
1413 4795 1537 4856 saeculi

258 4896 313 4957 Vti
336 4898 509 4972 scriptura.
528 4898 599 4958 Non
625 4896 711 4957 male
738 4895 881 4956 fortasse
905 4895 952 4955 Bl.
978 4895 1047 4966 τοὺς
1072 4897 1108 4953 Κ.
1131 4889 1159 4953 d'
1187 4890 1212 4954 ὁ.
1237 4895 1407 4972 Ποσειδῶν,
1437 4910 1535 4969 quern
