3502 5512
852 345 893 404 87

256 525 452 602 fragmentis
474 530 649 590 traduntur
667 531 792 592 formae
815 531 1006 593 dialecticae
1031 534 1064 592 et
1087 532 1315 595 hellenisticae
1338 533 1477 613 piverum
1502 538 1536 596 et

256 628 412 708 γινώσκειν
442 644 501 705 pro
528 631 639 692 atticis
660 632 819 712 γίγνεσθαι
842 636 877 694 et
898 632 1087 712 γιγνώσκειν,
1111 650 1193 708 quae
1216 636 1288 696 sine
1311 638 1536 697 controversia

258 730 375 805 ubique
397 733 620 794 restituendae
643 734 782 796 fuerant.
806 735 885 796 Illas
909 750 985 795 vero
1008 739 1158 797 recentes
1177 737 1353 811 scriptores
1372 740 1406 798 et
1429 754 1533 814 gram·

258 833 397 893 melicos
427 833 530 895 etiam
554 835 665 896 citatis
686 836 758 897 suis
780 837 1016 914 introduxisse,
1047 838 1129 897 nihil
1161 838 1270 898 hercle
1293 841 1346 899 est
1369 839 1452 914 quod
1475 841 1534 900 mi·

257 948 376 994 remur.
403 968 442 977 -
466 935 522 997 Vs.
548 938 577 998 2.
608 959 651 1008 ιις
678 928 711 996 εὖ
742 938 882 998 forsitan
906 941 994 999 recte
1025 939 1088 1014 Β1.,
1122 939 1207 1012 quod
1239 931 1280 1011 εἷς
1311 962 1354 1012 τις
1377 956 1532 1016 graecum

256 1035 314 1110 sit,
342 1049 407 1096 11011
431 1058 473 1107 τις
497 1029 539 1108 εἷς
563 1039 643 1107 (cod.
667 1042 776 1109 τιστις).

212 1135 262 1196 Fr.
290 1136 363 1215 174,
387 1139 414 1199 1.
438 1136 611 1219 ἐπεισήγαγε
630 1156 687 1216 pro
711 1138 864 1218 ἐπεισῆγεν
891 1142 1002 1202 nescio
1026 1157 1068 1202 an
1091 1145 1180 1203 recte
1204 1143 1357 1219 Blaydee,
1378 1144 1534 1205 sedmale

256 1235 308 1296 καὶ
329 1255 387 1314 pro
410 1236 430 1316 l}
454 1240 578 1310 (sive).
602 1240 649 1303 Gt.
674 1241 774 1302 Koclr.
806 1242 897 1303 Idem
924 1242 1059 1317 vulgato
1083 1259 1241 1304 versuum
1266 1245 1378 1305 ordine
1402 1249 1534 1306 servato

256 1341 426 1414 proposuit
454 1342 648 1419 σεμνοτάτας,
678 1345 764 1403 unde
795 1345 868 1418 quis
898 1359 1021 1419 quaeso
1051 1344 1204 1406 librarius
1231 1347 1398 1422 poeticum
1428 1362 1533 1423 σεμνο-

256 1439 350 1500 πύινν
385 1440 542 1503 iecisset?
584 1443 737 1504 Ceterum
771 1445 913 1506 tortasse
948 1446 1083 1506 omnino
1118 1447 1198 1506 nihil
1235 1447 1423 1507 novandum
1459 1462 1534 1508 cum

257 1541 396 1620 Koclrm,
433 1545 509 1618 quia
538 1545 672 1606 brevius
701 1548 753 1606 est
780 1547 1005 1622 fragmentum
1036 1561 1134 1621 quem
1168 1548 1253 1608 unde
1280 1549 1320 1609 de
1342 1549 1446 1609 totius
1467 1565 1533 1609 car·

256 1643 357 1704 minis
380 1647 615 1721 compositione
639 1648 778 1708 metrica
799 1648 935 1709 iudicari
958 1649 1074 1724 possit.

213 1745 265 1806 Fr.
291 1747 364 1822 175,
388 1747 418 1808 2.
453 1746 613 1822 Displicet
645 1748 847 1823 asyndeton;
884 1765 926 1810 an
960 1745 1025 1808 καὶ
1059 1755 1130 1826 (pro
1164 1745 1194 1827 ἡ)
1226 1750 1373 1829 litabor?
1405 1751 1534 1811 Passim

257 1847 432 1921 utramque
463 1849 614 1910 voculam
639 1864 659 1910 a
680 1850 823 1910 librariis
854 1850 1009 1911 confundi
1036 1853 1179 1912 constat.
1211 1852 1372 1913 Similiter
1395 1853 1536 1928 Epicrati

258 1947 291 2008 in
322 1947 361 2009 ir.
387 1949 416 2026 2,
443 1950 485 2010 20
519 1947 598 2010 1σπ1ν
627 1947 647 2029 ἢ
678 1956 746 2026 (pro
773 1949 833 2011 ἐστι
855 1949 916 2022 καὶ)
945 1951 1053 2012 πτύσαι
1084 1953 1225 2023 reddidi,
1258 1954 1344 2027 quod
1375 1955 1534 2028 hodieque

258 2050 472 2111 verisimilius
501 2051 584 2113 duco
613 2068 713 2126 quam
743 2050 793 2112 ιια1
822 2053 912 2113 κύσαι
943 2054 1083 2124 (Jacobs)
1116 2057 1150 2115 et
1180 2058 1292 2115 θᾶττον
1323 2050 1377 2115 ἔστ’
1403 2050 1423 2133 ἢ
1445 2076 1534 2115 ιιαια-

258 2149 350 2227 μύσαι
374 2151 568 2224 (Headlam).

215 2253 266 2313 Fr.
294 2253 366 2329 176,
393 2254 423 2315 2.
459 2254 584 2315 Iniuria
613 2257 796 2316 Porsonum
828 2257 1019 2331 vituperans
1049 2255 1098 2316 Β1.
1130 2256 1280 2333 ιῆσ<ύε>
1307 2255 1410 2336 cviros
1440 2257 1534 2317 corri-

258 2356 406 2430 gentem,
441 2354 511 2431 ipse
545 2356 721 2418 substituit
754 2364 805 2433 τῆς
836 2355 946 2429 σικύας,
977 2358 1062 2430 quod
1093 2358 1166 2431 quis
1195 2359 1329 2419 tandem
1360 2360 1392 2419 in
1424 2358 1535 2418 minus

259 2455 389 2517 triviale
407 2463 458 2533 τῆς
481 2453 584 2536 σιὲγης
606 2458 724 2520 fuisset
747 2460 959 2519 mutatums?
981 2459 1112 2520 Scilicet
1134 2463 1285 2522 senserat
1310 2460 1359 2519 vir
1381 2474 1535 2520 summus

258 2557 405 2619 affectari
429 2559 459 2619 h.
484 2558 505 2619 l.
529 2560 690 2635 tragicam
721 2559 1039 2635 grandiloquentiam
1070 2561 1181 2635 itaque
1208 2564 1297 2622 recte
1321 2560 1437 2620 abesse
1460 2559 1534 2620 arti-

260 2659 371 2720 culum
404 2662 480 2735 post
510 2676 704 2736 pronomen,
742 2665 778 2722 ut
809 2677 856 2721 vs.
882 2663 902 2722 3
934 2658 1042 2739 ύρτονς
1073 2662 1179 2722 τούσδε
1209 2665 1242 2722 et
1273 2677 1321 2722 vs.
1347 2663 1366 2723 6
1391 2658 1534 2737 δημόταις

199 2793 202 2799 -
261 2762 374 2820 contra
411 2761 557 2836 vulgaris
589 2764 752 2822 sermonis
783 2778 879 2822 usum
910 2763 1048 2824 articulo
1080 2767 1179 2824 caret.
1211 2763 1332 2825 Eadem
1357 2763 1396 2823 de
1420 2777 1533 2837 causa,

258 2864 365 2922 toturn
389 2863 476 2921 enim
506 2863 545 2924 ir.
570 2864 674 2939 spirat
696 2864 994 2941 paratragoediam,
1020 2880 1069 2925 vs.
1095 2868 1114 2925 4
1139 2868 1353 2939 transponam
1378 2863 1536 2933 (admissa

257 2979 332 3024 cum
355 2962 479 3023 Koclrio
503 2964 661 3039 probabili
684 2966 836 3026 Meinelrii
859 2967 1091 3027 emendatione
1113 2963 1315 3044 ιαιὲχανιας);

479 3062 718 3143 κατέχοντας
743 3065 862 3126 ἰπνὸν
886 3065 917 3126 ἕν
941 3071 1070 3138 πυκναῖς
1094 3065 1254 3143 διεξόδοις,

257 3180 317 3226 nec
336 3165 436 3240 probo
456 3166 621 3241 Blaydesii
641 3167 818 3244 rationem,
839 3170 894 3241 qui
914 3170 1022 3229 deleto
1041 3169 1147 3228 τούσδε
1163 3169 1278 3228 scribit
1290 3166 1380 3227 ἰπνὸν
1400 3165 1407 3244 Ι
1425 3189 1535 3243 ναιαμ-

257 3265 408 3344 πέχανιας.
433 3268 523 3343 Quod
546 3269 757 3344 participium
781 3272 869 3330 recte
892 3270 983 3330 Koclr
1007 3285 1025 3331 e
1048 3270 1198 3330 conflatis
1219 3269 1344 3330 duabus
1363 3269 1536 3343 scripturis

257 3365 432 3447 κατέχοντας
467 3374 500 3431 et
529 3369 686 3449 ἐπέχοντας
717 3373 831 3431 natum
864 3386 937 3431 esse
969 3370 1152 3433 existimat.
1178 3405 1218 3415 —
1249 3370 1304 3431 Vs.
1337 3374 1367 3432 ὃ.
1402 3369 1535 3452 κριβάνῳ

254 3465 486 3549 ’ξηλλαγμὲνονς
517 3472 589 3532 sine
619 3473 708 3532 iusta
736 3486 835 3532 causa
858 3461 942 3532 coni.
966 3472 1029 3548 Β1.,
1055 3487 1133 3532 narn
1156 3472 1293 3548 pluralis
1317 3486 1476 3531 numerus
1499 3473 1535 3530 ut

222 3600 225 3605 ·
256 3570 520 3646 magnificentior
553 3574 587 3633 in
622 3573 871 3648 paratragoedia
905 3573 1067 3647 singulari
1108 3573 1341 3648 praeferendus
1376 3575 1442 3648 est,
1478 3572 1535 3632 sed

257 3673 292 3734 in
315 3689 365 3734 vs.
390 3676 409 3734 6
434 3675 552 3735 merito
576 3690 629 3735 me
653 3675 759 3735 iudice
783 3677 893 3735 tuetur
915 3675 1032 3752 μίμημα
1056 3677 1216 3736 adversus
1239 3675 1412 3735 Kockium.

214 3774 265 3837 Fr.
292 3776 365 3852 177,
391 3776 421 3835 2.
456 3775 559 3852 μηδείς
590 3770 617 3852 μ’
644 3772 763 3851 ὄψεται,
792 3779 850 3836 aut
878 3775 983 3854 μηδεὶς
1007 3773 1113 3852 ὄψεται
1136 3779 1169 3838 et
1192 3798 1226 3853 με
1254 3792 1301 3836 VS.
1329 3778 1344 3835 l
1371 3781 1439 3850 (pro
1463 3780 1534 3852 μοι).

258 3876 306 3936 ΒΙ.
330 3877 428 3952 Fugit
451 3892 505 3938 me
529 3893 630 3938 causa
653 3879 859 3939 mutationis.

214 3979 264 4040 llr.
292 3980 419 4054 17115.
451 3977 500 4038 ιιαὶ
530 3979 634 4060 γναίιγς
658 3980 774 4056 Naber,
799 3978 966 4059 αἰναγνσίην
990 3981 1091 4042 Kock.
1123 3980 1284 4040 Neutrum
1310 3978 1535 4039 necessarium

259 4081 396 4157 videtur,
422 4082 483 4141 troc
505 4084 618 4143 tamen
641 4081 774 4142 arridet.

215 4184 266 4245 llr.
293 4184 366 4244 180.
398 4183 477 4243 ΗΘΒ.
508 4183 690 4260 βύστραι·
722 4181 757 4240 αἱ
777 4190 835 4241 τῶν
857 4182 995 4261 λαχάνιον
1018 4181 1159 4254 ἐνθέσεις.
1183 4181 1257 4242 ἔνιοι
1280 4177 1311 4241 δὲ
1331 4180 1400 4252 τοὺς
1423 4177 1455 4238 ἔτι
1477 4188 1536 4238 τῶν

163 4322 166 4329 ·
257 4284 395 4363 λαχάνων
420 4285 590 4361 ψωμούς.
622 4286 685 4345 Ρκ)
712 4284 839 4361 ψωμούς
862 4284 911 4345 Β1.
943 4286 1081 4346 coniecit
1110 4284 1247 4360 θωμούς,
1280 4285 1338 4344 sed
1362 4297 1466 4355 neque
1490 4282 1537 4341 ita

259 4387 491 4463 praepositioni
525 4386 616 4447 locus
651 4388 741 4446 esset
775 4401 880 4459 neque
914 4386 1027 4463 βύσιρα
1063 4391 1093 4456 (a
1122 4386 1236 4463 βυνιῖν)
1267 4384 1362 4445 facile
1393 4384 1535 4444 acervi

259 4490 428 4550 notionem
451 4488 585 4548 induere
609 4487 725 4561 potuit.
750 4490 874 4561 Aptum
901 4487 986 4548 foret
1009 4485 1187 4565 σιαιβύς,
1214 4486 1298 4560 quod
1317 4488 1430 4545 tamen
1451 4483 1536 4544 haud

260 4590 354 4652 facile
374 4592 422 4650 sic
441 4593 716 4665 corrumperetur.
737 4588 819 4664 Quia
838 4603 916 4649 vero
940 4589 972 4648 in
993 4589 1055 4649 hoc
1072 4589 1258 4663 fragmento
1276 4587 1389 4664 βύσιρα
1408 4585 1536 4646 eviden-

260 4697 310 4754 ter
329 4690 447 4763 ἔνθεσις
467 4690 645 4767 significat,
666 4690 772 4767 ψωμύς
795 4694 906 4751 autern
930 4691 1018 4751 idem
1037 4691 1186 4765 denotat,
1206 4689 1316 4765 potius
1328 4687 1536 4761 crediderim,

259 4795 429 4870 stupidum
457 4795 726 4867 lexicograpbum
750 4808 768 4852 e
791 4792 933 4853 diversis
955 4792 1125 4866 glossariis
1148 4791 1361 4851 coniunxisse
1383 4789 1537 4862 interpre-

261 4896 407 4958 tationes
429 4896 538 4956 iorma
556 4895 719 4971 diversas,
743 4909 778 4955 re
798 4894 945 4969 easdem,
970 4894 1080 4967 itaque
1103 4892 1229 4970 ψωμούς
1251 4906 1371 4952 sanum
1395 4904 1478 4950 esse.
