3502 5512
877 321 919 380 58

283 501 393 562 Koclr:
420 494 680 581 <ἄψοχας1>,ὧ
709 511 779 579 τᾶν,
801 499 872 580 καί,
902 503 957 578 qui
981 503 1084 564 etiam
1108 501 1234 563 lemma
1256 497 1375 579 ἄψυχος
1398 500 1561 562 excidisse

283 603 431 665 coniecit.

327 704 390 765 Vix
412 708 526 767 tamen
549 709 637 768 recte
657 722 722 768 uno
740 710 856 768 tenore
875 707 966 782 iungi
985 707 1117 768 videtur
1135 702 1253 782 ἄψυχος
1265 701 1441 781 ἀπωλόμην,
1459 719 1560 777 quare

280 804 423 868 fortasse
443 806 561 868 lacuna
579 804 645 871 fuit
664 809 773 885 paullo
793 810 909 886 maior,
930 811 967 870 ut
979 809 1121 870 lueritv.
1135 824 1161 869 c.
1179 804 1406 885 <ἅψαχος>·
1424 806 1560 866 Πλάτων.

1000 907 1090 988 <elul
1112 907 1168 989 γὰρ

527 1007 688 1089 ἄψυχος,>
716 1003 826 1072 ὦτᾶν·
851 1010 923 1091 ταχὺ
948 1008 1056 1090 τρέχων
1080 1008 1253 1088 ἀπωλόμην.

239 1110 290 1171 Fr.
318 1112 391 1186 184,
416 1113 447 1172 3.
471 1113 671 1189 καίομίνω
694 1115 784 1174 recte
809 1112 958 1189 Hilberg,
983 1114 1140 1173 monente
1163 1111 1320 1173 Nauckio.

238 1211 290 1272 Fr.
318 1212 390 1285 186,
416 1214 446 1273 2.
478 1209 516 1271 ἂν
547 1211 664 1290 ἔφυσαν
694 1214 743 1275 Bl.
775 1215 833 1275 vix
863 1217 962 1276 recte.
987 1248 1030 1256 —
1053 1214 1109 1275 Vs.
1134 1216 1165 1275 ὅ.
1189 1211 1236 1274 ef.
1261 1213 1323 1274 Av.
1348 1212 1432 1273 Nub.
1456 1212 1559 1273 1093:

283 1311 489 1391 δημηγοροῦσι
513 1308 541 1373 d'
567 1312 599 1375 έκ
622 1315 729 1389 τίνων;
751 1317 787 1377 Β.
808 1313 838 1389 έξ
858 1315 1092 1395 εὐρυπρώκτων,
1112 1317 1150 1376 ut
1168 1315 1249 1376 olim
1270 1317 1347 1375 ante
1366 1313 1415 1375 Bl.
1436 1314 1560 1375 monui.

239 1413 291 1474 Fr.
317 1414 390 1490 187,
418 1415 446 1476 l.
470 1413 621 1495 προτέρων
644 1433 702 1493 pro
726 1417 844 1495 τρόπων
869 1419 994 1494 optime
1018 1417 1120 1478 Kock.

240 1515 291 1576 Fr.
317 1516 390 1577 189.
415 1517 549 1596 Λεσβίου
573 1513 602 1579 d’
628 1516 750 1592 ἀνοίξας
780 1521 852 1581 sine
877 1520 944 1581 ulla
966 1518 1196 1595 probabilitate
1218 1533 1276 1593 pro
1299 1517 1391 1589 λύσας
1414 1511 1448 1577 δὲ
1466 1513 1563 1596 αἰργήα

283 1616 332 1677 Bl.
366 1618 520 1680 Fortasse
553 1635 624 1681 rem
655 1636 717 1682 acu
747 1622 859 1697 tetigit
890 1621 1048 1682 bleinelre.
1080 1619 1291 1681 Dubitaveris
1314 1622 1427 1681 autem
1450 1622 1562 1680 utrum

283 1716 418 1791 εὐώδους
447 1728 543 1779 nocco
572 1736 773 1797 suspensum
804 1722 851 1783 sit
873 1738 894 1783 a
916 1737 997 1783 voce
1027 1736 1223 1798 praegressa
1252 1737 1295 1782 an
1317 1707 1363 1782 sit
1389 1721 1565 1796 genetivus

283 1821 462 1895 partitivus
496 1822 682 1897 iungendus
711 1838 787 1884 cum
818 1823 919 1884 verbo
948 1825 1109 1898 sequenti.
1141 1823 1248 1884 Simul
1271 1827 1408 1899 utroque
1431 1824 1565 1899 negotio

284 1920 376 1996 iungi
399 1923 529 1985 videtur
551 1926 735 1999 genetivus.
752 1958 787 1966 -
803 1925 860 1986 Vs.
884 1928 914 1987 4.
939 1920 1134 2003 κάξημύστισ’
1161 1925 1324 1987 Headlam
1343 1925 1436 1987 nulla
1454 1940 1564 1986 neces·

283 2024 394 2086 sitate.
414 2025 506 2086 Idem
525 2026 592 2087 iam
611 2028 688 2087 ante
711 2029 818 2088 suasit
841 2028 903 2103 Bt,
929 2028 984 2102 qul
1007 2030 1179 2103 praeterea
1202 2028 1343 2088 coniecit
1364 2023 1484 2100 κάξίπιε
1506 2042 1564 2103 pro

283 2122 375 2185 ἔπινε.
406 2127 603 2203 Suspectum
633 2143 713 2189 sane
744 2132 796 2190 est
827 2128 1061 2204 imperfectum
1093 2130 1304 2190 coniunctum
1332 2144 1408 2189 cum
1431 2128 1563 2189 soristu.

286 2227 338 2288 An
361 2226 426 2287 ἔπιέ
452 2232 566 2294 <te>?

241 2329 293 2390 rr.
320 2330 394 2406 του,
420 2332 450 2391 a.
475 2333 626 2393 nericiter
649 2332 699 2393 nl.
723 2329 780 2410 αρν
805 2325 823 2415 i
847 2309 1048 2408 «αφοαοφ
1075 2338 1129 2390 αα
1152 2329 1260 2410 γένος
1278 2329 1396 2409 maaet
1418 2329 1561 2394 <αααα>

287 2432 319 2502 [i.
345 2445 373 2492 e.
404 2429 462 2510 κῆν
496 2425 516 2512 ᾗ
550 2430 698 2511 ἐγγυτάτω
731 2441 785 2492 τοῦ
827 2429 936 2511 γένους
965 2430 1122 2510 γεγονώς],
1166 2432 1240 2493 coll.
1271 2432 1327 2492 Ar.
1358 2431 1441 2493 Nub.
1479 2432 1564 2492 1038

287 2536 378 2608 τηλοῦ
413 2531 469 2612 γὰρ
504 2533 577 2593 οἰκῶ
608 2542 667 2593 τῶν
697 2531 807 2612 ἀγρῶν.
838 2534 941 2609 Saepe
970 2535 1019 2594 ita
1041 2534 1161 2593 dicitur
1183 2533 1285 2611 πόρρω
1308 2542 1368 2592 τῶν
1391 2541 1509 2592 νυκτῶν
1532 2536 1566 2593 et

287 2632 363 2694 alia.
399 2634 446 2695 Re
481 2636 530 2696 sic
563 2634 748 2710 intellecta,
781 2634 873 2694 nulla
903 2637 955 2695 est
985 2648 1086 2694 causa
1116 2648 1174 2694 cur
1204 2650 1281 2695 cum
1311 2634 1436 2695 Koclrio
1459 2634 1491 2696 b.
1515 2648 1566 2695 vs.

290 2738 408 2811 poetae
430 2737 667 2798 abiudicemus.

243 2835 294 2896 Fr.
324 2837 396 2897 198.
420 2838 470 2898 Bl.
501 2839 558 2899 cit.
589 2838 751 2915 Theopbr.
783 2837 878 2899 (lber.
911 2841 946 2914 4,
978 2836 1034 2897 ubi
1057 2840 1146 2898 recte
1170 2845 1236 2897 τοῦ
1262 2835 1403 2915 ταρίχους
1426 2836 1568 2898 coniecit

287 2952 345 3013 pro
369 2938 460 3010 τοὺς
483 2962 507 2998 τ.

243 3036 295 3098 Fr.
321 3039 395 3099 196.
419 3036 787 3119 ἀνακογχυλτωστὸν
810 3037 1038 3118 έχθοδοπόυ
1061 3063 1087 3099 τι
1111 3038 1254 3099 σκευάσω.
1279 3038 1328 3100 Bl.
1349 3036 1567 3117 ἀνακογχυ-

286 3135 464 3200 ίιαίσασθ’
489 3139 567 3220 ἔχω,
589 3157 655 3203 non
678 3142 751 3202 sine
775 3143 883 3217 specie
908 3142 1064 3216 quadam,
1090 3140 1188 3201 modo
1208 3141 1381 3215 scripseris
1399 3138 1568 3218 ἀνακογχυ-

287 3240 451 3301 Moesum
471 3237 641 3321 ’χθοδοπόν
663 3239 719 3302 κτέ.
743 3246 802 3303 eut
820 3239 1115 3322 ἀνακογχυλιωσ
1123 3241 1204 3318 μὸν.
1228 3242 1292 3302 Sed
1311 3239 1483 3320 ἕχθυδοπόκ
1501 3256 1568 3302 11011

288 3341 454 3418 intellego.
483 3344 569 3404 Num
593 3343 677 3405 forte
701 3343 764 3405 tuit

510 3442 827 3524 ἀνακυγχυλιᾶσασθωι
851 3441 879 3504 δ’
906 3442 1022 3505 ὄπιόυ
1045 3469 1072 3505 τι
1095 3446 1256 3506 desudem?

288 3545 424 3606 Accedit
452 3547 538 3621 quod
567 3544 734 3625 ίχθοίοκός
758 3550 854 3608 extra
876 3547 1047 3623 parodiam
1071 3563 1137 3608 non
1160 3550 1212 3607 est
1235 3547 1391 3608 dictionis
1413 3546 1570 3607 comicae.

289 3645 353 3707 sed
384 3649 496 3709 nescio
532 3664 574 3708 en
609 3648 716 3710 multe
747 3651 895 3725 praestet
934 3645 1352 3727 ἀνωκογχυὶιωστικὸν
1386 3645 1509 3707 ποτόν
1543 3667 1571 3704 τι

287 3747 432 3807 σκευάσω,
457 3748 601 3810 Verbum
625 3750 714 3810 enim
734 3747 1012 3828 ἀνακογχυλιάζων,
1031 3765 1097 3809 11011
1125 3745 1448 3827 ἀυακογχυλιάζεσθαι,
1466 3746 1570 3808 fuisse

288 3850 465 3910 credideris
488 3850 529 3911 ob
552 3851 701 3912 Platonis
723 3851 910 3927 philosophi
933 3851 1047 3926 Symp.
1075 3850 1136 3911 185
1149 3850 1179 3910 d.

245 3950 297 4011 Fr.
326 3951 397 4012 198.
422 3960 526 4031 σαπρῷ
554 3946 640 4015 <’ν>
667 3952 749 4036 γάρῳ
775 3956 862 4014 recte
885 3952 934 4012 Bl.

244 4052 296 4112 Fr.
323 4052 385 4112 198
407 4052 436 4113 b.
467 4051 580 4112 Dielsii
610 4052 841 4113 emendatione
870 4067 953 4113 usus
984 4050 1072 4112 idem
1103 4050 1234 4112 mavult
1259 4044 1314 4110 ἐστ’
1347 4047 1493 4128 Ἀχιλλεὺς
1520 4046 1572 4108 καὶ

291 4153 401 4225 Μίνως
427 4169 485 4229 pro
514 4151 595 4213 ἐστιν
625 4154 772 4232 illucent
803 4153 820 4214 ὅ
849 4175 879 4214 τε
911 4153 1050 4224 Μίνσίς).
1081 4154 1202 4214 Lenius
1229 4153 1349 4228 corrigi
1372 4153 1484 4228 potest
1506 4145 1569 4210 ἐσθ’

290 4254 434 4332 Ἀχιλλεύς
469 4253 487 4314 'd
515 4276 545 4314 τε
577 4255 696 4328 Μίνως.
726 4255 772 4317 De
796 4257 878 4316 viris
900 4256 1050 4317 omnium
1073 4255 1162 4316 fama
1186 4254 1460 4316 celebratissimis
1483 4256 1575 4315 recte

290 4370 327 4416 se
349 4355 474 4417 habent
495 4357 638 4419 articuli.

119 4434 134 4459 ⁰
246 4456 299 4518 Fr.
327 4457 400 4517 199.
435 4457 485 4518 Bl.
520 4456 680 4537 <φέρων>
714 4456 845 4535 έμουτὸυ
883 4455 920 4529 ές
955 4456 1147 4536 κόρακας,
1181 4460 1240 4519 eut
1273 4451 1404 4536 οἶχήσορέ
1443 4454 1573 4534 ἐμαυτὸν

290 4557 401 4628 (malet
424 4557 466 4630 εἰς
489 4555 642 4619 ἀπώλειαν
670 4555 846 4638 φέρον).
871 4558 948 4620 Ood.
972 4557 1094 4619 Hamb.
1120 4559 1220 4620 babet
1241 4554 1404 4636 ἀπώλειαν,
1426 4574 1486 4634 pro
1508 4573 1574 4632 quo

289 4658 437 4735 uaginis
463 4663 564 4736 poeta
592 4660 737 4722 scribere
766 4663 898 4736 poterat
926 4661 1025 4721 metri
1048 4675 1150 4721 causa
1172 4657 1309 4720 &entim
1332 4659 1429 4734 (quod
1452 4660 1574 4734 reposi-

290 4761 366 4821 tum
398 4762 472 4839 est),
505 4762 654 4823 comicus
687 4776 752 4824 non
785 4762 878 4823 item.
913 4760 1075 4837 Suspecta
1104 4765 1218 4823 eutem
1248 4761 1282 4821 in
1312 4763 1447 4835 antiquo
1478 4764 1577 4835 poeta

116 4896 126 4915 κ
147 4926 182 4937 ,,
290 4858 405 4939 inum
430 4856 581 4943 hilm,
607 4878 668 4941 nro
689 4878 755 4939 quo
777 4862 981 4939 antiquiores
1002 4863 1112 4939 graeci
1135 4862 1288 4924 dicebant
1310 4860 1450 4942 ὄλεθρος,
1472 4876 1576 4936 quare
