3502 5512
841 404 844 411 ¹
878 341 939 400 118

291 525 374 586 haec
396 542 487 586 mea:
520 523 606 608 ἕλαιῷ
630 525 677 602 μή
700 547 733 584 τι
756 530 886 604 χρῆσθαι
910 519 997 601 μηδ’
1023 522 1135 604 ὄναρ,
1159 541 1237 588 nam
1264 526 1379 585 OPAN
1398 528 1433 585 61
1457 525 1572 586 ΟΝΑΡ

291 641 356 687 non
391 627 456 686 nisi
483 627 669 688 litterarum
700 627 812 688 ordine
840 627 1005 688 differunt.
1028 627 1136 689 Homo
1160 627 1241 688 adeo
1263 626 1434 701 squalidus
1458 626 1570 686 estut

291 742 333 787 ne
361 728 394 787 in
417 730 557 788 somniis
579 728 725 805 quidem,
750 728 872 789 nedum
896 728 1054 803 vigilans,
1079 727 1150 789 oleo
1177 729 1301 789 utatur.
1326 727 1433 787 Minus
1456 727 1568 787 autem

291 826 430 888 feliciter
459 832 569 905 poeta,
600 845 681 890 usus
706 829 958 891 Anaxandridee
981 829 1052 889 loco
1075 829 1209 892 laudato
1233 831 1297 900 (34.
1323 832 1364 905 6),
1396 829 1449 889 hic
1471 827 1569 888 besti·

292 944 385 989 arum
416 930 605 991 nominibus
634 931 759 992 relictis
789 932 900 1006 posuit
933 928 1101 1007 κονίορτος,
1135 947 1200 1006 qua
1234 948 1269 992 re
1304 931 1395 992 abuti
1429 930 1496 990 noli
1527 928 1568 989 ad

291 1029 533 1092 defendendum
555 1030 651 1111 ῥύπος
674 1033 708 1093 in
733 1047 781 1093 νε.
805 1035 836 1093 4.

248 1132 300 1193 Fr.
334 1133 384 1208 12,
417 1133 447 1194 8.
477 1127 576 1212 λάχαν’
609 1131 680 1194 άττα
711 1135 783 1195 sine
813 1134 1013 1194 necessitate
1039 1133 1088 1195 Bi.
1112 1138 1146 1195 et
1167 1135 1268 1195 simul
1291 1148 1431 1211 peccans
1454 1134 1570 1195 contra

291 1234 453 1294 comicum
485 1249 673 1296 sermonem
700 1241 760 1306 (νε.
786 1236 816 1304 θ)
849 1231 1332 1315 τοίβανας(ν61τριβώνι’)ἠ6’
1358 1233 1511 1295 ἀλουσίαν.
1526 1267 1566 1277 -

291 1333 347 1394 νε.
382 1336 422 1394 10
457 1336 581 1396 frustra
614 1338 786 1398 sollicitari
816 1338 925 1413 docui,
965 1338 1124 1412 probante
1158 1339 1190 1398 iu
1226 1337 1393 1398 Addendis
1428 1335 1567 1409 Kocirio,

291 1436 407 1497 multis
426 1438 627 1499 comicorum
646 1437 736 1499 locis.
757 1438 803 1498 01.
824 1440 926 1498 etiam
939 1438 1048 1498 Plauti
1067 1439 1242 1514 (Posidippi
1251 1440 1277 1509 7)
1293 1437 1497 1499 Menaechm.
1511 1437 1568 1498 77:

292 1539 501 1600 Iuventus
524 1554 672 1599 nomen
696 1539 801 1601 fecit
825 1540 1030 1600 Peniculo
1054 1541 1157 1600 mihi
1181 1543 1214 1600 et
1238 1540 1364 1615 Captiv.
1390 1541 1443 1600 67.
1467 1539 1569 1599 Novis

289 1643 402 1700 tamen
425 1640 541 1701 deinde
565 1642 764 1702 commentIs
786 1641 930 1701 tentavit
952 1641 1000 1703 Bl.

247 1741 297 1801 rr.
325 1742 375 1818 14,
400 1744 431 1802 4.
456 1742 587 1802 Revoca
608 1741 727 1802 οὔνεκα.
749 1776 789 1786 -
814 1743 862 1804 Β1.
886 1744 995 1803 tentat
1018 1743 1179 1817 quaedam
1204 1745 1237 1803 in
1261 1743 1300 1804 fr.
1328 1744 1368 1803 15
1392 1745 1426 1802 et
1452 1742 1501 1801 16.

247 1939 428 2022 Epicratis
451 1941 490 2003 fr.
519 1943 545 2002 1.

470 2041 662 2101 δεδειπνάναι
685 2040 741 2124 γάρ
764 2041 871 2121 ἄνδρες
894 2041 1090 2120 εὐκαίρως
1113 2043 1195 2103 πάνυ
1219 2041 1346 2102 δοκοῦσί
1366 2063 1426 2119 μοι.

292 2144 392 2205 Recte
422 2144 471 2206 Bl.
501 2146 637 2219 requirit
667 2145 861 2206 adverbium
885 2145 1148 2206 abundanter
1170 2142 1370 2220 significans.
1395 2142 1487 2202 [dem
1510 2156 1571 2216 ego

293 2246 465 2321 postulans
495 2246 618 2307 dudum
650 2247 773 2308 conieci
805 2244 1000 2324 εὐπόρως,
1030 2245 1102 2307 coll.
1131 2243 1571 2306 71106.ν11136ο1Πελο-

291 2347 451 2425 ποννήσιοι
485 2347 663 2425 εὺπόρως
699 2346 739 2407 ἔτι
774 2339 853 2425 εἶχον
885 2345 1004 2406 ἅπαντα
1035 2345 1070 2406 τά
1098 2344 1173 2406 κατά
1203 2346 1236 2407 τὸ
1269 2344 1476 2426 στρατόπεδον.
1508 2344 1571 2405 Sed

293 2448 425 2510 brevius
456 2452 509 2510 est
539 2449 765 2524 fragmentum
802 2463 901 2523 quam
936 2450 1020 2522 quod
1055 2450 1245 2523 corruptum
1281 2463 1354 2509 esse
1388 2462 1447 2522 pro
1481 2447 1571 2507 certo

292 2552 491 2611 statuamus,

250 2652 301 2712 Fr.
334 2652 364 2712 2.
397 2653 428 2712 3.
452 2651 508 2711 νε.
542 2652 572 2712 6.
597 2646 696 2728 ὁρῶσα
727 2650 776 2710 Bl.
809 2650 848 2710 de
878 2665 941 2711 usu
973 2649 1062 2710 verbi
1097 2647 1217 2728 βλέπειν
1247 2650 1403 2711 similiter
1434 2647 1574 2710 adhibiti

294 2752 350 2812 cit.
375 2753 455 2812 Aah.
481 2754 545 2813 376
578 2754 610 2812 61
641 2751 769 2812 Alexid.
795 2751 843 2810 III
867 2752 942 2811 425.
963 2784 1003 2794 -
1026 2751 1081 2812 νε.
1107 2753 1137 2813 7.
1162 2749 1394 2812 116111τα6τό
1418 2763 1571 2828 μοι,οοο

294 2868 369 2929 ego,
394 2868 473 2914 narn
493 2853 570 2914 duo
589 2856 754 2927 secuntur,
775 2868 858 2927 quae
877 2854 953 2913 Lais
973 2854 1162 2913 communia
1182 2853 1282 2914 habet
1301 2867 1377 2914 curn
1390 2850 1572 2926 aquilis.-

295 2953 350 3014 Vs.
379 2954 409 3014 8.
441 2953 548 3026 αἰετοῐς
578 2955 667 3015 recte
698 2953 820 3013 Nauck.
853 2953 898 3015 01.
930 2948 1117 3017 Meisterh.³
1141 2956 1193 3031 33,
1219 2958 1249 3016 5.
1276 2988 1315 2998 -
1340 2954 1397 3015 Vs.
1432 2954 1482 3013 11.
1522 2950 1572 3011 Bl.

294 3053 390 3115 malit
415 3051 489 3132 ἤδη,
518 3063 577 3114 τῶν
606 3059 741 3115 <θεο1ν>
776 3057 809 3116 61
840 3070 889 3116 νε.
924 3056 964 3115 10
988 3072 1045 3130 pro
1076 3047 1143 3132 οὖν,
1169 3057 1254 3131 quod
1285 3057 1354 3118 cod.
1379 3056 1407 3114 A
1431 3053 1571 3127 omittit,

294 3155 426 3231 supplet
448 3147 487 3216 od
511 3160 569 3218 aut
591 3153 630 3215 άν
650 3159 710 3217 aut
731 3155 769 3216 od
793 3172 866 3217 oum
887 3159 1157 3235 interrogatione,
1180 3175 1221 3218 ex
1241 3158 1358 3232 quibus
1378 3154 1575 3218 coniecturis

294 3255 413 3316 ultima
435 3260 566 3333 propter
589 3258 775 3333 negationis
793 3256 902 3318 locum
926 3274 1061 3333 prorsus
1083 3259 1162 3319 ferri
1185 3262 1312 3336 nequit,
1340 3259 1484 3333 reliquae
1508 3270 1573 3316 uon

295 3357 448 3419 mellores
479 3362 558 3420 sunt
592 3360 798 3420 Meinekiana
831 3367 897 3419 νῦν.
933 3359 1014 3421 Cum
1050 3360 1098 3421 Bl.
1136 3377 1184 3422 vs.
1224 3363 1263 3422 15
1296 3360 1412 3421 malim
1445 3351 1482 3417 ὅτ’
1515 3372 1573 3433 pro

295 3453 386 3520 ὁπότ’.
412 3495 451 3504 -
477 3461 532 3521 VS.
566 3462 617 3521 20.
649 3461 817 3522 Violenter
840 3461 1001 3522 Headlam
1025 3461 1137 3521 θᾶττόν
1167 3456 1219 3522 ἔστ’
1253 3459 1272 3540 ἢ
1302 3461 1483 3538 καταμύσαι,
1514 3458 1573 3527 (Bl.

294 3561 422 3646 ῥᾷστον).
442 3563 549 3624 Teneo
570 3565 715 3624 veterem
736 3577 845 3623 meam
865 3564 1086 3624 contecturam
1104 3564 1312 3625 lenissimam
1332 3562 1406 3646 ῥᾷον
1418 3559 1437 3640 ἢ
1449 3560 1572 3621 πτύσαι

295 3663 371 3724 ἰδεῖν
393 3669 613 3740 praegnanter
634 3665 760 3725 dictum
783 3666 823 3725 de
846 3666 1081 3725 consuetudine
1101 3667 1277 3741 amatoria,
1302 3668 1339 3727 ut
1358 3680 1406 3726 νε.
1430 3665 1468 3726 17
1490 3655 1573 3734 εἶδες.

297 3765 478 3826 Admouet
503 3765 697 3827 0.Crusius
728 3766 783 3826 cst.
811 3765 946 3826 Planud.
977 3767 1126 3840 proverb.
1153 3769 1216 3827 214
1249 3774 1377 3826 τοσαῦτα
1412 3766 1526 3827 παύει
1557 3759 1573 3822 ὁ

297 3867 421 3942 δοῦλος,
456 3865 511 3926 ὅσα
541 3866 681 3944 βούλεται
712 3862 728 3925 ὁ
758 3865 912 3944 δεσπότης.
935 3900 979 3910 -
1009 3868 1059 3928 Ad
1096 3884 1144 3929 ve.
1179 3869 1218 3928 18
1251 3869 1299 3929 Bl.
1334 3869 1483 3944 apposite
1517 3866 1572 3928 cst.

298 3967 447 4028 Alexidis
470 3967 509 4028 ir.
534 3968 608 4028 229.
631 4001 671 4011 -
696 3968 751 4028 νε.
777 3969 829 4029 21.
852 3965 998 4045 πετομένη
1023 3969 1164 4031 feliciter
1187 3970 1287 4031 Koclr.

252 4071 303 4131 Fr.
328 4071 358 4145 5,
383 4070 413 4129 6.
439 4072 537 4147 θιγεῖν
559 4084 618 4143 pro
642 4073 749 4148 φαγεῖν
772 4074 897 4130 temere
921 4069 1073 4144 Blaydes.

251 4172 302 4232 Fr.
328 4172 348 4230 6
372 4185 444 4230 esse
468 4170 752 4245 paratragoediam
783 4171 899 4231 docent
922 4171 1081 4232 vocabula
1104 4175 1138 4232 et
1159 4172 1340 4233 locutiones
1363 4186 1428 4231 non
1452 4170 1574 4231 atticae

296 4268 440 4349 άρταμος,
478 4266 598 4346 ὄπωπα,
639 4270 734 4347 πυρὸς
772 4269 880 4348 ἀκμαῖς
919 4269 1102 4349 ἠνθισμένα,
1133 4273 1204 4335 sive
1238 4274 1347 4347 potius
1382 4270 1462 4356 ἀκμῇ
1491 4267 1574 4349 ’ξην-

296 4369 440 4450 θιαμένα,
463 4376 499 4434 ut
523 4374 666 4434 correxIt
688 4373 735 4434 Bi.
761 4373 833 4434 coll.
856 4373 937 4434 Acir.
962 4375 1044 4435 1047
1066 4378 1099 4435 61
1119 4375 1257 4436 Philam.
1278 4375 1321 4434 IV
1342 4377 1384 4436 26
1404 4374 1445 4434 11.
1465 4375 1574 4435 Etiam

296 4478 468 4552 καυχᾶσθαι
498 4475 707 4535 rarissimum
738 4479 790 4536 est
818 4476 852 4535 in
881 4477 1059 4536 comoedia.
1091 4476 1182 4537 Idem
1215 4476 1302 4537 valet
1333 4477 1372 4538 de
1399 4477 1438 4537 fr.
1464 4477 1493 4552 8,
1519 4477 1575 4536 ubi

299 4579 379 4638 vs.2
400 4575 627 4654 σιδηρότευκτον
646 4574 772 4637 έναλίυν
792 4582 898 4655 θηρῶν
917 4574 1002 4656 βέλος
1026 4579 1170 4653 tragicae
1190 4580 1242 4639 est
1260 4579 1573 4654 grandiloqueutiae.

252 4682 303 4740 Fr.
329 4682 358 4755 7,
387 4682 415 4740 1.
439 4683 604 4757 λυχνοῦχον
632 4678 809 4741 <τουτον1>
836 4680 895 4756 Bt,
921 4680 1005 4754 quod
1028 4681 1298 4742 incertissimum.

255 4785 305 4843 Fr.
330 4784 380 4859 10,
409 4785 436 4843 1.
572 4780 792 4859 κατάβαλλε
816 4778 953 4855 τάκάτια,
975 4780 1026 4840 καὶ
1049 4782 1211 4841 κνλίκια

520 4883 608 4962 αἴρου
630 4880 666 4942 τὰ
688 4882 790 4960 μείζω,
812 4880 868 4942 κτὲ.
