3502 5512
893 347 956 406 196

263 532 313 592 nr.
339 534 369 607 5,
397 534 424 591 1.
450 532 487 591 V.
512 531 533 591 l.
558 528 600 590 ὢν
633 532 776 606 praefert
809 532 857 592 Bl.
885 565 923 575 -
949 531 1005 591 Vs.
1030 532 1060 590 3.
1097 525 1129 586 δὲ
1160 543 1217 603 pro
1247 524 1303 603 γὰρ
1334 529 1460 586 temere
1484 524 1588 584 idem.

308 637 362 694 Vs.
388 638 417 695 6.
450 636 572 696 Person
601 634 757 708 supplens
787 632 885 710 ὥσπερ
916 630 948 691 ἐκ
971 631 1166 706 κελεύσματος
1189 629 1310 689 melius
1332 626 1510 702 κελεύματος
1535 625 1587 685 de·

307 738 419 797 disset.
448 771 484 780 -
512 738 565 796 Vs.
591 738 610 796 8
642 756 672 794 τε
701 734 840 809 φαίνεται
870 751 928 809 pro
959 731 1096 809 ἐφαίνετο
1128 747 1193 793 non
1224 734 1313 791 recte
1344 730 1391 790 Bl.
1417 729 1464 790 cf.
1489 744 1541 788 vs.
1570 730 1586 787 l

308 836 486 915 ἐσφαίριζεν.

260 986 418 1053 Critonis
440 989 480 1048 fr.
501 989 531 1062 3,
552 989 583 1047 3.
608 983 657 1044 καὶ
681 994 859 1063 φορμιῶσαι.
884 986 1046 1045 Headlam
1083 988 1135 1058 ,to
1159 984 1259 1044 break
1283 1000 1324 1058 up
1348 983 1396 1042 for
1420 981 1587 1055 faggots'’.

307 1091 352 1149 At
381 1089 495 1167 φορμοί
524 1087 692 1148 ecalamo
722 1086 858 1161 fiebant,
892 1101 957 1147 uon
990 1102 1107 1159 naves,
1139 1090 1175 1146 ut
1202 1086 1356 1159 arbitror,
1387 1099 1448 1144 nec
1470 1097 1587 1158 provo·

308 1193 374 1252 cori
398 1192 506 1266 potest
525 1189 565 1247 ad
588 1204 698 1248 serum
719 1189 874 1262 Diogenis
894 1189 1014 1248 Laertii
1040 1188 1268 1248 testimonium
1292 1182 1403 1261 φορμοὶ
1424 1193 1484 1243 τῶν
1508 1205 1589 1261 φρο-

307 1292 409 1371 γάνων
427 1290 575 1350 dicentis.
595 1290 685 1349 Idem
710 1291 849 1350 coniecit
872 1287 1148 1367 καλφορμιᾶσαι
1170 1292 1223 1363 ,to
1243 1288 1288 1348 sit
1299 1287 1363 1346 idle
1375 1287 1409 1346 in
1420 1286 1477 1346 the
1488 1286 1589 1361 port”

307 1410 348 1454 on
371 1394 428 1453 the
452 1392 592 1465 analogy
615 1391 650 1450 of
670 1396 861 1466 φθειριᾶσαι,
892 1406 929 1452 as
952 1398 1186 1468 περιπρωκσιᾶν,
1217 1387 1437 1465 περιχονὸριᾶν,
1468 1383 1588 1462 ὠμοκυ-

308 1494 385 1553 διᾶν.
404 1495 475 1554 Ηοο
495 1492 615 1552 saltem
636 1493 779 1566 speciem
803 1492 911 1552 habet.
933 1493 1006 1568 Ipse
1019 1490 1185 1565 quondam
1198 1490 1352 1565 proposui
1372 1486 1588 1565 κάνεχορά-

308 1613 352 1653 σα
362 1599 471 1667 σθαι,
489 1594 545 1654 sed
560 1593 733 1654 violentior
746 1597 797 1654 est
809 1596 962 1654 mutatio.
977 1627 1015 1634 -
1031 1594 1086 1652 Vs.
1102 1594 1130 1652 7.
1145 1592 1260 1652 Kockii
1274 1591 1461 1651 coniectura
1472 1593 1591 1659 θακῶν,

308 1712 408 1771 quam
439 1711 496 1771 pro
527 1692 640 1754 οὔκουν
664 1688 683 1753 τ’
718 1697 825 1755 textui
850 1695 975 1770 intulit,
1000 1693 1153 1754 nonnisi
1180 1694 1264 1753 seris
1287 1691 1464 1752 admodum
1488 1691 1591 1750 huius

308 1798 433 1858 formae
457 1811 513 1870 pro
537 1794 679 1872 θατήρων
703 1797 904 1856 testimoniis
927 1796 1054 1855 nititur.
1082 1794 1297 1854 Praetulerim
1323 1792 1489 1866 Blaydesii
1513 1815 1590 1850 ναο-

308 1908 380 1969 rae,
402 1897 459 1958 sed
484 1897 599 1956 eodem
623 1897 693 1957 iure
718 1895 811 1969 ξένων
836 1897 886 1957 vel
911 1894 1031 1973 ἀνδρῶν
1055 1896 1252 1971 suspiceris,
1279 1895 1359 1954 certi
1382 1893 1477 1953 nihil.

264 2046 477 2112 Timostrati
503 2049 553 2108 Fr.
579 2051 609 2123 6,
636 2050 665 2108 2.
699 2049 746 2108 Bl.
779 2040 877 2124 ὧνπερ
908 2046 1021 2124 ἔχομεν.
1054 2047 1124 2107 Non
1155 2046 1282 2106 accedo.
1315 2045 1416 2104 Recte
1441 2042 1590 2117 explicat

308 2150 408 2210 Koclr.
435 2149 635 2223 Colloquitur
659 2165 776 2224 parcus
799 2166 902 2210 senex
927 2165 1003 2209 curn
1027 2149 1161 2225 prodigo
1185 2148 1402 2207 adolescente.

268 2300 437 2366 llemetrii
461 2301 499 2360 fr.
528 2301 556 2375 1,
582 2301 614 2360 6.

565 2392 631 2476 παρ’
659 2403 833 2476 Ἀγαθοκλεῖ
853 2395 885 2458 δὲ
908 2408 1024 2478 πρῶτος
1048 2392 1189 2477 εἰσήνεγκ’
1218 2396 1273 2478 ἐγὼ

565 2511 604 2582 τῷ
628 2499 790 2582 Σικελιώτῃ
814 2499 868 2576 τὴν
891 2500 1138 2578 τυραννικὴν
1163 2509 1274 2577 φακῆν.

311 2604 374 2664 Cur
408 2602 614 2680 τυραννικήνλ
649 2603 701 2661 An
736 2604 820 2675 quod
856 2603 1054 2677 Agathocles
1085 2607 1247 2677 tyrannus
1278 2604 1371 2663 erat?
1407 2602 1494 2660 Num
1527 2602 1591 2662 hoc

311 2704 457 2765 sufficit?
480 2706 609 2765 Dubito

267 2853 440 2937 Dioxippi
464 2855 502 2915 fr.
528 2858 558 2915 5.
583 2855 632 2915 Bl.
658 2856 825 2930 proponit:

1148 2992 1187 3000 -
1213 2956 1318 3035 ἔλαβεν

533 3056 668 3117 ἔπειτα
692 3058 748 3118 δύο
773 3065 937 3133 ψυκτῆρας.

311 3174 426 3234 parum
457 3158 676 3234 probabiliter,
709 3174 787 3219 nam
816 3158 973 3218 traditum
998 3156 1145 3230 ἕξιτάοους
1169 3159 1355 3234 significare
1373 3159 1407 3230 *ἐξ
1432 3151 1494 3217 εἶτα
1518 3159 1590 3230 τοὺς

311 3274 408 3320 nemo
438 3275 502 3319 non
534 3260 634 3334 videt,
660 3276 723 3334 quo
751 3264 845 3334 pacto
870 3264 980 3320 autem
1006 3277 1121 3321 versus
1146 3262 1340 3322 restituendi
1363 3261 1432 3320 sint
1455 3259 1590 3321 difficile

311 3362 398 3421 dictu
429 3365 489 3421 est.
521 3362 665 3421 Priorem
697 3363 834 3422 desiisse
864 3363 897 3422 in
925 3359 953 3433 ἕξ
978 3364 1061 3423 satis
1085 3363 1264 3437 probabile,
1289 3364 1345 3422 sed
1370 3362 1589 3436 posteriorem

311 3478 375 3522 non
399 3463 505 3537 magis
529 3464 688 3537 corrigere
711 3480 847 3538 possum
872 3480 971 3537 quam
994 3465 1102 3538 poluit
1126 3465 1283 3525 Meineke.
1309 3465 1377 3523 Hoc
1398 3463 1492 3522 video
1512 3465 1589 3522 arti-

311 3565 382 3624 culo
406 3563 513 3623 locum
538 3579 603 3624 non
627 3580 710 3624 esse.

266 3712 438 3797 Stephani
463 3715 501 3775 fr.
527 3716 558 3773 4.

535 3816 565 3871 B.
589 3814 629 3885 εἰς
654 3812 703 3884 τὰς
722 3809 876 3886 Ῥοδιακὰς
901 3815 968 3886 ὅλος
993 3815 1171 3894 ἀπηνέχθην
1196 3815 1252 3896 ἐγὼ

589 3913 638 3973 καὶ
662 3915 731 3986 τοὺς
756 3915 904 3993 ἐφήβους,
926 3918 1044 3992 Σωσία,
1067 3918 1136 3989 τοὺς
1161 3918 1374 3997 δυσχερεῖς.

311 4019 385 4093 ΩαίΔ
401 4018 544 4090 loquitur
575 4018 673 4076 homo
700 4018 880 4078 dissolutus
904 4020 985 4079 nihil
1010 4021 1145 4081 curabat
1168 4021 1232 4080 nisi
1256 4022 1372 4096 pocula
1395 4028 1428 4081 et
1451 4037 1588 4096 puerOS,

312 4135 375 4178 non
400 4135 604 4195 morosoS,
637 4121 761 4195 opinor,
794 4125 827 4180 et
858 4123 1082 4197 difficiles,
1108 4124 1164 4182 sed
1189 4123 1306 4183 leves
1329 4124 1587 4197 facilesque,

311 4207 421 4293 itaque
461 4225 577 4295 poetae
620 4222 817 4281 reddiderim
860 4221 1042 4298 εὐχερεῖς.
1086 4224 1230 4297 Utroque
1272 4225 1434 4285 adiectivo
1470 4227 1589 4286 comici

311 4326 459 4382 utuntur.

266 4467 448 4537 Stratonis
472 4474 510 4531 fr.
539 4474 566 4545 1,
592 4474 621 4531 3.
653 4470 783 4547 σονῒημι.
817 4474 864 4531 Bl.
899 4474 975 4548 ,Qu
1001 4482 1125 4551 συνῆκα.
1158 4476 1287 4535 Vocalis
1311 4492 1321 4534 ι
1346 4479 1588 4553 correptionem

311 4590 376 4633 non
409 4573 580 4633 miraberis
612 4575 643 4631 in
668 4589 705 4632 eo
730 4574 782 4646 qui
810 4575 952 4634 mediam
978 4576 1010 4635 in
1035 4576 1102 4635 θύω
1127 4579 1262 4650 corripit
1286 4594 1338 4638 vv.
1367 4580 1417 4639 19.
1443 4581 1519 4640 20⁹¹.
1548 4616 1587 4624 -

311 4675 365 4734 VS.
392 4680 421 4733 5.
453 4674 548 4744 εὐθύς
572 4668 598 4748 μ’
625 4672 794 4750 ἐπηρώτησε
818 4675 1009 4752 προσβλέψας
1034 4676 1115 4755 μέγα.
1148 4679 1268 4738 Utrum
1292 4679 1490 4756 προσβλέπειν
1514 4680 1590 4761 μέγα

310 4777 494 4851 significare
526 4780 646 4850 potest,
680 4777 763 4849 :prod
796 4792 855 4835 nos
887 4778 1028 4836 dicimus
1052 4781 1216 4853 magnis
1240 4780 1375 4840 oculis
1399 4781 1589 4855 aliquem

311 4879 547 4951 adspicere,
585 4879 677 4936 carius
715 4894 793 4935 usus
829 4878 982 4951 exempla
1018 4896 1071 4939 me
1102 4880 1270 4956 deficiunt,
1304 4897 1345 4942 an
1376 4884 1487 4957 potius
1513 4883 1590 4962 μέγα
