3502 5512
879 363 940 421 1ῡο

291 546 571 621 Oxyrrhyucbiols
604 548 679 619 (vol.
705 548 719 607 Ι
743 548 796 617 241
831 549 929 609 editis
964 566 983 610 a
1017 550 1195 612 Greniellio
1231 554 1264 612 et
1299 549 1433 611 Huntio.
1471 546 1571 607 Aliud

292 645 411 707 ibidem
435 664 477 708 ex
499 649 626 710 incerta
649 649 818 710 comoedia
841 651 963 724 legitur
986 651 1212 726 fragmentum
1235 668 1265 727 p.
1291 651 1321 710 8.

247 748 297 806 Fr.
323 749 375 823 94,
402 750 431 809 5.
467 750 579 810 Nauck
610 751 666 811 cit.
699 750 806 811 Schcl.
838 751 945 828 Eurip.
972 754 1025 813 Or.
1051 755 1127 828 343,
1153 769 1182 828 p.
1211 754 1284 829 135,
1313 752 1369 824 1Ο;
1400 745 1570 821 Anonymi

291 849 534 926 Olympiodorei
565 851 690 912 Corum.
723 852 755 911 in
787 852 903 926 Porpb.
934 853 1003 913 cod.
1028 853 1121 914 Paris
1148 855 1242 929 1939,
1268 853 1289 913 i.
1315 850 1409 924 46b;
1434 848 1569 924 Nicepb.

292 948 468 1024 Progymn.
491 952 587 1012 Rbet.
611 952 664 1013 Gr.
689 952 703 1011 I
727 968 757 1026 p.
783 954 858 1028 445,
885 954 942 1026 27;
967 954 1068 1016 Antb.
1094 954 1161 1016 Pal.
1191 957 1240 1030 10,
1266 955 1318 1028 96,
1341 954 1372 1027 3,
1397 951 1472 1012 alia.
1498 950 1571 1010 Stu-

291 1051 433 1124 pendam
458 1052 520 1112 viri
543 1053 773 1114 eruditionem!

250 1153 300 1213 Fr.
326 1153 378 1228 96,
405 1153 434 1213 2.
466 1151 550 1231 φέρει
579 1152 635 1233 γὰρ
666 1151 721 1214 ὅσα
745 1159 830 1227 θεοῖς
853 1151 958 1232 ἄνθη
981 1155 1092 1233 καλά,
1114 1156 1224 1233 κιττόν,
1247 1155 1377 1233 δάφνην·
1400 1150 1455 1212 κιὲ.
1480 1153 1571 1227 Quod

291 1254 359 1313 iarn
381 1256 522 1315 antehac
544 1257 697 1330 proposui
719 1255 793 1331 φίλα
817 1272 882 1317 non
901 1255 1037 1333 sufficit,
1058 1258 1134 1332 quia
1154 1258 1252 1318 tiores
1271 1271 1336 1317 non
1355 1257 1433 1316 sunt
1452 1255 1574 1315 hedera

292 1358 325 1415 et
347 1354 475 1432 laurus,
499 1356 556 1417 sed
582 1356 759 1418 manifesto
783 1357 1030 1433 corrigendum:

706 1454 789 1538 φέρει
811 1456 867 1537 γὰρ
891 1456 947 1517 ὅσοι
969 1462 1055 1530 θεοῖς
1079 1454 1125 1518 ἂν
1148 1451 1167 1542 ᾖ
1192 1459 1304 1535 φίλα,

292 1560 330 1617 ut
362 1557 491 1619 Baccho
525 1558 657 1634 hedera,
688 1557 803 1619 laurus
834 1559 989 1634 Apollini.
1021 1558 1254 1621 Infelicissime
1283 1559 1332 1621 Bl.
1365 1557 1476 1637 ὅσαπερ
1506 1551 1569 1616 ἐσθ’

294 1654 395 1730 ἁπλῶς
417 1657 501 1717 καλά.

249 1761 301 1820 Fr.
326 1763 379 1836 97,
406 1763 433 1821 1.
459 1760 593 1821 Rectius
616 1760 822 1837 0001ιαύιός
846 1762 961 1823 incidit
985 1764 1156 1825 Headlam.

250 1862 301 1922 Fr.
328 1862 401 1936 102,
427 1864 455 1922 1.
480 1862 606 1922 Mecum
629 1862 678 1922 Bl.
702 1862 745 1934 τίς
767 1862 824 1942 γάρ
852 1858 984 1927 <ιιοθ’>
1012 1865 1106 1936 οὕτως
1129 1861 1189 1923 ἐστὶ
1212 1862 1406 1939 κακοδαίμων
1429 1862 1528 1938 φύσει.

250 1963 301 2022 Fr.
330 1963 401 2023 104.
433 1964 612 2040 lernstedt,
645 1964 717 2025 coll.
752 1964 945 2041 Ρο11.ΙΙ6,
977 1982 1019 2026 ex
1050 1966 1209 2040 Hesychii
1233 1965 1345 2039 glossa
1367 1962 1573 2041 τρόφιμον·

294 2058 330 2122 ὃν
354 2059 438 2140 ἡμεῖς
461 2064 648 2125 δεσπόσυνον
671 2063 719 2124 καὶ
743 2064 891 2143 τρόφιμον
915 2064 1061 2145 ἀνδρὸς
1085 2066 1284 2149 δακτυλίῳ
1308 2065 1419 2126 effecit
1442 2063 1572 2123 Menan·

295 2165 391 2225 drum
415 2166 602 2241 scripsisse:

986 2266 1142 2347 ἀνεμιαῖον
1165 2266 1279 2348 ἐγένετο

538 2365 588 2427 καὶ
611 2368 759 2447 τρόφιμον
782 2368 892 2448 ἀνδρὸς
917 2369 1071 2455 δακτυλίῳ.

296 2469 384 2544 Quae
409 2470 508 2530 verba
531 2470 616 2530 alius
640 2470 781 2532 fortasse
805 2471 925 2532 melius
948 2487 1049 2546 quam
1072 2486 1133 2546 ego
1157 2470 1335 2545 intelleget.

251 2571 302 2630 Fr.
330 2571 403 2631 106.
562 2567 613 2630 καὶ
635 2570 756 2650 terp&
779 2572 916 2651 βακχεύει
939 2571 1042 2649 λαβὼν
1063 2570 1099 2632 τοί
1121 2571 1262 2651 χρήματα.

296 2669 400 2747 Λοιμὰ
428 2674 518 2747 (tana
541 2672 610 2732 cod.
635 2673 729 2744 Rau.)
761 2674 792 2734 h.
813 2674 834 2734 1.
860 2689 924 2735 non
954 2676 1068 2735 sanius
1093 2675 1222 2736 videtur
1245 2687 1345 2746 quam
1368 2670 1457 2730 idem
1481 2683 1574 2728 voca·

295 2772 409 2833 bulum
440 2773 502 2831 Av.
538 2773 634 2847 1563,
665 2774 719 2833 ubi
752 2774 855 2835 schol.
885 2774 972 2835 bunc
996 2775 1165 2836 Menandri
1188 2789 1321 2835 versum
1346 2772 1440 2846 citat,
1463 2769 1576 2830 nescio

295 2888 358 2947 quo
389 2873 512 2933 librarii
544 2888 653 2934 errore
677 2875 843 2949 deceptus.
868 2875 988 2936 Utrum
1012 2873 1169 2954 λομιιρὰ
1191 2875 1296 2935 lateat
1319 2888 1361 2933 an
1384 2870 1506 2951 κάρτα
1530 2887 1574 2931 an

296 2975 384 3035 aliud
407 2975 530 3048 ignoro.

250 3078 301 3137 Fr.
329 3078 402 3151 109,
431 3077 458 3136 1.
494 3071 614 3153 ἀγαθόν
647 3075 676 3134 τί
707 3097 759 3153 μοι
791 3074 923 3155 γένοιτο,
951 3081 988 3139 ut
1018 3071 1195 3153 Alciphron
1219 3076 1234 3135 I
1258 3076 1310 3151 36,
1337 3075 1367 3149 3,
1392 3088 1492 3147 quem
1517 3072 1573 3134 cst.

294 3177 417 3237 Nauck.
449 3176 662 3237 Probabiliten
691 3179 864 3252 sequentia
894 3180 1038 3240 correxit
1067 3178 1182 3254 Cobet,
1215 3190 1387 3252 perperam
1416 3173 1480 3249 Bl,
1512 3189 1574 3234 nec

294 3293 377 3353 opus
410 3293 484 3338 cum
516 3278 630 3338 eodem
662 3294 710 3339 vs.
736 3280 755 3338 3
786 3274 809 3357 γ’
836 3281 981 3341 inserere
1012 3283 1087 3355 post
1110 3276 1242 3353 εἰκότως,
1272 3289 1473 3350 quamquam
1498 3275 1572 3335 addi

294 3382 438 3457 poterat,
470 3382 503 3440 et
534 3380 652 3440 vitiose
684 3396 740 3454 pro
772 3381 898 3455 optima
930 3381 1081 3441 Meinekii
1112 3379 1314 3440 correctione
1344 3371 1386 3456 ἄρ’
1414 3372 1575 3435 011θέ1ον

294 3490 363 3556 (pro
386 3479 442 3540 οὐκ
465 3478 588 3550 geilan)
612 3481 748 3541 rescribi
772 3482 870 3543 iussit
893 3481 920 3541 εἰ
939 3480 979 3558 μὴ
999 3479 1107 3556 θέλων,
1126 3481 1211 3554 quod
1231 3479 1353 3539 saltem
1372 3477 1399 3537 εἰ
1416 3474 1457 3555 μὴ
1475 3474 1576 3548 θέλεις

297 3587 354 3642 aut
377 3575 415 3654 ε1,
438 3579 478 3658 μὴ
501 3579 602 3641 ettae
625 3583 700 3651 (nisi
730 3581 815 3642 forte
838 3582 900 3643 hoc
930 3582 1044 3651 voluit)
1073 3596 1145 3641 esse
1169 3580 1317 3641 debebat.
1339 3612 1379 3623 -
1400 3579 1455 3638 Vs.
1471 3580 1501 3639 5.
1525 3578 1576 3639 Bl.

295 3683 517 3758 recipiendum
541 3682 643 3743 fuisse
667 3682 771 3742 Grotii
793 3681 901 3741 καινὸν
924 3685 1013 3743 necte
1040 3681 1180 3742 monuit.

251 3786 302 3846 Fr.
330 3786 402 3859 113,
428 3786 457 3844 3.
483 3785 619 3844 Temere
644 3792 701 3842 νῦν
725 3778 748 3862 γ’
775 3782 816 3843 ἔτι
841 3785 889 3844 Β1.
1480 3832 1483 3839 .

251 3887 302 3946 Fr.
330 3886 402 3946 120.
437 3882 519 3960 ὅροις
549 3887 636 3945 recte
667 3885 815 3960 postulat
839 3884 901 3960 Β1.,
935 3884 1070 3945 iubente
1101 3884 1201 3944 etiam
1226 3886 1343 3943 metro.
1371 3883 1463 3943 Idem
1487 3881 1579 3943 valet

296 3988 335 4047 de
360 3987 398 4046 ir.
428 3988 500 4062 161,
528 3988 558 4046 3.

251 4090 302 4148 Fr.
330 4089 402 4148 128.
429 4088 559 4162 Optime
583 4086 724 4160 Bentley
748 4085 865 4144 ἅπαντα
888 4084 940 4145 τὸν
963 4085 1087 4164 χρόνον,
1110 4100 1188 4144 nam
1213 4082 1254 4155 εἰς
1277 4082 1329 4143 1ον
1348 4084 1447 4143 πάντα
1466 4084 1577 4164 χρόνον

296 4204 451 4263 graecum
487 4187 584 4262 foret,
622 4190 659 4247 ut
689 4191 776 4249 recte
808 4190 922 4247 monet
951 4187 999 4247 Bl.
1029 4220 1066 4230 -
1094 4185 1147 4246 Vs.
1173 4188 1203 4244 4.
1235 4204 1267 4263 γε
1298 4197 1431 4245 mecum
1461 4197 1519 4257 pro
1544 4178 1578 4241 11

295 4291 343 4350 Bl.
369 4323 408 4333 —
434 4289 488 4349 Vs.
513 4291 543 4349 7.
568 4289 659 4348 idem
690 4287 782 4365 οὕιη,
808 4288 891 4360 quod
924 4286 1163 4359 necessarium,
1196 4286 1229 4344 01
1259 4282 1471 4358 probabiliter
1502 4278 1578 4358 dpe-

295 4388 406 4467 λομένη
429 4406 478 4451 vs,
504 4393 523 4450 8
548 4393 581 4450 et
605 4388 647 4448 ὅτι
671 4405 727 4464 pro
751 4385 819 4463 οὓς,
840 4389 897 4448 sed
921 4389 1063 4448 fortasse
1087 4385 1209 4447 sufficit
1233 4383 1331 4445 lectio
1350 4384 1439 4460 prior
1462 4383 1495 4442 in
1515 4385 1577 4442 Aa

296 4491 352 4566 ὡς;
374 4495 435 4553 hoc
458 4493 578 4553 saltem
603 4493 734 4552 constat
757 4489 845 4549 male
868 4492 1037 4564 receptum
1064 4501 1138 4548 esse
1161 4485 1423 4560 superscriptum
1447 4479 1509 4553 οὓς.

251 4597 301 4656 ur.
329 4596 401 4654 129.
426 4594 473 4654 Bt.
499 4594 655 4653 audacter
679 4592 794 4651 θύουσι
820 4588 988 4660 <πάνιες>
1016 4583 1042 4647 δ’
1070 4586 1167 4664 ὥσπερ
1192 4585 1224 4644 οἱ
1240 4585 1428 4663 τοιχωρύχοι,
1450 4583 1509 4644 sed
1530 4584 1579 4645 ita

294 4698 416 4756 saltem
438 4694 647 4755 scribendum
672 4695 761 4753 esset
789 4687 923 4767 ὡσπερεὶ.
947 4690 984 4749 Iu
1009 4689 1154 4763 vulgatis
1177 4684 1216 4758 ὡς
1240 4689 1292 4747 001
1314 4686 1578 4747 exclamativum

295 4802 328 4858 et
351 4797 382 4856 οἱ
403 4797 576 4873 τοιχωρύχοι
604 4799 657 4855 001
689 4793 887 4866 convitium,
920 4806 983 4864 quo
1014 4792 1171 4865 petuntur
1200 4787 1232 4847 ol
1251 4788 1388 4858 θύοντες.
1411 4785 1499 4846 Nihil
1523 4803 1578 4848 no·

296 4914 373 4961 vare
399 4900 518 4958 ausim.
545 4931 583 4938 -
616 4896 670 4955 Vs.
696 4897 715 4953 4
747 4909 866 4954 sanum
892 4907 964 4952 esse
989 4906 1052 4951 non
1076 4893 1221 4965 praesto,
1247 4889 1304 4949 sed
1327 4888 1535 4962 propositum
1560 4904 1581 4949 a
