3502 5512
812 378 854 441 49

173 566 225 631 Fr.
251 567 325 631 668.
349 568 436 646 Lego
458 566 587 649 ηὕρηκα.

172 671 225 732 Fr.
250 673 326 732 671.
546 665 547 668 '
691 664 900 748 Ἐξηκεστίδης
924 668 999 749 ἔχων
1022 669 1133 748 λύραν,

406 770 493 852 ἔργον
513 770 669 849 Εὐδόξου,
691 771 862 832 τιταίνει
884 769 1024 850 ψιθυρὸν
1047 770 1147 851 εὐήθη
1172 771 1275 850 νόμον.

218 873 346 935 Mireris
369 875 507 936 verbum
529 875 659 950 epioum
681 872 830 933 τιταίνειν.
854 874 941 935 Num
964 873 1027 934 fuit

406 973 495 1056 ἔργον
519 974 660 1048 Εὐδόξου
683 996 732 1051 τι,
754 975 900 1035 τείνειῗ

217 1078 262 1138 nt
292 1077 419 1139 obverti
449 1077 554 1154 possit
590 1091 770 1151 pronomen
802 1076 1022 1151 impersonale
1053 1077 1242 1138 huiusmodi
1275 1077 1498 1140 locutionibus

218 1178 292 1240 addi
326 1195 391 1239 non
425 1180 545 1255 solere,
581 1192 642 1238 neo
675 1178 819 1253 simplex
854 1176 976 1254 τείνειν,
1007 1179 1066 1238 sed
1102 1180 1323 1254 compositum
1359 1177 1499 1240 ἐντείνειν

218 1280 318 1341 attice
340 1281 389 1341 sic
412 1280 572 1356 usurpari.
593 1280 750 1355 Apprime
769 1279 913 1355 placeret
935 1278 1120 1359 ιιγαίνει,
1144 1281 1173 1340 si
1191 1280 1225 1341 iu
1245 1282 1415 1342 comoedia
1438 1282 1500 1342 hoo

219 1382 356 1444 verbum
380 1382 515 1443 obvium
537 1381 641 1443 fleret.

175 1484 226 1545 i'r.
253 1485 327 1545 672.
385 1478 418 1555 ὃς
441 1482 476 1544 τὰ
498 1479 553 1561 μὲν
577 1481 709 1561 ἀφανή
733 1493 874 1566 μεριμνᾷ,
896 1481 933 1542 τὰ
956 1479 988 1542 δὲ
1011 1487 1192 1562 χαμᾶθεν
1215 1481 1319 1542 ἐσθίει.

220 1585 354 1661 Propter
372 1584 559 1661 oppositum
578 1589 714 1664 χαμᾶθεν
727 1585 841 1645 monui
859 1585 939 1645 olim
960 1584 1043 1656 (coll.
1065 1584 1177 1660 Eupol.
1195 1586 1256 1645 146
1270 1584 1312 1655 b.)
1332 1587 1500 1661 expectari

220 1683 383 1763 ἀνέιας,
413 1687 434 1747 i.
451 1702 479 1748 e.
510 1684 547 1746 τὰ
577 1683 714 1764 μετέωρα.
746 1686 807 1746 Per
837 1685 1030 1760 sequidem
1055 1683 1158 1763 ἀφανῆ
1182 1687 1306 1761 optime
1329 1702 1366 1747 se
1390 1687 1499 1754 habet,

219 1786 361 1862 Blaydes
378 1787 433 1848 oft.
454 1788 552 1863 Soph.
576 1787 615 1848 fr.
637 1789 720 1859 671;
746 1787 820 1847 Eur.
844 1787 884 1847 ir.
910 1788 975 1847 808
1000 1790 1034 1847 et
1057 1788 1140 1860 906;
1166 1788 1303 1848 Monost.
1333 1789 1391 1862 18;
1415 1788 1500 1849 Plat.

220 1888 355 1950 Thesei.
383 1890 445 1948 174
469 1888 513 1962 Α;
537 1888 629 1950 Kock
650 1888 765 1963 Eupol.
793 1889 869 1963 146,
902 1890 956 1962 qui
980 1891 1093 1949 tamon
1117 1887 1179 1949 loci
1204 1903 1285 1948 num
1310 1889 1397 1950 huno
1419 1891 1503 1950 satis

220 1992 376 2051 tueantur
388 1990 483 2051 valde
495 1989 617 2051 dubito.
632 1989 815 2051 Genuinam
828 1989 970 2051 formam
984 1990 1121 2051 atticam
1134 1994 1283 2067 χαμαῖθεν
1296 1991 1384 2051 ducit
1398 1991 1503 2051 Blass.

177 2093 228 2153 Fr.
253 2093 328 2154 673.
350 2091 398 2153 ΒΙ.
430 2087 498 2168 ίμοί
525 2112 557 2170 γε
588 2095 642 2161 (τοι
672 2093 722 2160 Κ.)
753 2099 811 2162 τεᾶς
842 2087 1025 2168 ἀνέρριττται.
1056 2091 1115 2165 Qui
1147 2090 1243 2151 Add.
1267 2107 1298 2166 p.
1324 2093 1388 2151 319
1412 2095 1501 2153 recte

221 2194 460 2256 animadvertit
495 2193 598 2268 „Ergo
633 2193 818 2266 antiquitus
852 2192 943 2253 aleas
973 2207 1107 2253 sursum
1138 2192 1320 2268 iactabant,
1352 2208 1432 2270 non,
1464 2196 1502 2254 ut

221 2311 296 2371 nos,
322 2295 510 2357 deorsum.''

178 2397 229 2458 Fr.
254 2399 330 2473 676,
359 2399 386 2458 l.
411 2397 460 2458 Bl.
486 2396 540 2457 oft.
565 2396 679 2456 Eubul.
705 2396 955 2471 111261‚262;
981 2395 1063 2454 Men.
1085 2394 1130 2452 IV
1154 2396 1225 2455 179.
1247 2396 1344 2456 Miror
1363 2398 1396 2456 et
1414 2396 1500 2456 hunc

221 2502 255 2560 et
289 2498 452 2560 Kookium
486 2497 673 2573 neglexisse
707 2497 761 2558 Ar.
797 2496 881 2558 Eccl.
918 2498 993 2557 662.
1026 2529 1065 2538 --
1098 2495 1154 2557 Vs.
1191 2497 1209 2555 2
1245 2511 1293 2570 sq.
1330 2497 1499 2571 Quondam

222 2601 391 2676 proposui:

509 2697 557 2760 ίιτί
580 2698 613 2760 τὸ
637 2701 761 2761 δεῖπνον
785 2694 813 2759 δ’
841 2696 996 2779 ὀχυρὸς
1027 2696 1094 2777 ήδη
1117 2694 1143 2775 μ’

512 2797 527 2861 ὁ
551 2800 788 2880 φιλοτήσιος
812 2804 933 2860 καλεῖ.

222 2919 280 2979 pro
303 2899 343 2975 ὡς
366 2900 427 2982 ήδη
449 2907 537 2963 καλεῖ
554 2899 582 2981 μ’
605 2899 609 2984 l
631 2900 647 2963 ὁ
670 2927 694 2983 χ.
718 2900 735 2964 ὁ
758 2908 820 2981 φιλ.

178 3005 231 3066 Fr.
256 3006 331 3066 678.
377 3003 473 3065 πολλὰ
495 3002 609 3065 τοιαυτί
632 3003 683 3065 καί
706 3003 822 3066 τοιαυτί
844 3001 909 3065 καί
934 3005 1051 3084 δεῦρο
1076 3002 1315 3083 σχηματίσαντες.

221 3107 270 3169 Bl.
295 3110 329 3168 in
352 3109 402 3169 ed.
426 3123 487 3168 sua
509 3124 539 3183 p.
564 3108 630 3167 304
653 3108 823 3183 proposuit
846 3107 1003 3168 audacter

378 3207 472 3270 πολλὰ
494 3207 608 3268 τοιαντὶ
631 3209 765 3288 σχήματα
788 3206 872 3286 δευρί
893 3205 1011 3267 κάκεῖσε
1034 3206 1274 3286 σχηματίσαντες.

224 3310 286 3371 Sed
318 3314 388 3372 tam
417 3310 563 3371 violenta
593 3311 750 3372 correctio
781 3310 909 3370 nullam
937 3309 1037 3370 habet
1059 3307 1279 3388 νιειθανάγιην.
1302 3308 1383 3368 Vitii
1405 3309 1502 3369 sedes

224 3415 277 3474 est
309 3409 372 3471 καὶ
403 3411 537 3491 tropo,
566 3412 651 3474 unde
674 3414 840 3487 quondam
871 3412 968 3473 elicui
1004 3405 1085 3471 κᾶθ’
1113 3408 1174 3482 (καί
1196 3405 1254 3481 ἔθ’)
1285 3407 1403 3489 ἕτερα.
1426 3409 1502 3470 Alia

223 3514 331 3575 suasit
352 3513 468 3575 Kaibel
493 3528 543 3588 ap.
567 3514 607 3574 K.
631 3515 679 3573 ΙΙΙ
702 3531 732 3590 p.
759 3515 832 3575 723.
1301 3561 1304 3567 .

178 3615 230 3676 Fr.
256 3616 331 3677 682.
377 3609 414 3674 ἵν’
439 3612 603 3698 ίιιαγίαίσή
627 3613 660 3675 τὸ
683 3615 870 3692 σταλήμάτιον
893 3610 943 3672 καί
967 3611 1007 3691 μή
1031 3612 1147 3692 βήττειν
1169 3612 1378 3696 ιιαταττίνή.

223 3715 430 3778 'tussiens
453 3731 516 3790 quo
539 3718 634 3791 pacto
657 3717 732 3790 quis
755 3717 860 3791 possit
883 3715 993 3775 cibum
1017 3713 1268 3791 degluttire,
1294 3714 1427 3775 omnino
1447 3728 1501 3772 me

223 3817 315 3879 latet.
341 3817 406 3878 Vix
429 3818 542 3878 dubito
567 3819 645 3892 quin
672 3820 769 3893 poeta
791 3818 960 3892 scripserit

804 3916 855 3978 καὶ
878 3916 919 3995 μή
942 3916 1058 3995 βήττειν
1081 3939 1122 3998 γε
1145 3916 1279 4000 μιάνῃ,

224 4036 327 4083 neve
351 4021 572 4082 tussiendo
596 4021 803 4096 inquinet.

179 4121 231 4183 Fr.
255 4123 331 4185 683.
356 4121 524 4202 κίρναντες,
546 4124 583 4182 ut
605 4119 775 4203 ίγιιιρνᾶσιν
799 4121 884 4181 Eccl.
910 4121 973 4181 841
1000 4120 1082 4191 (Bi).

180 4223 231 4284 Fr.
256 4225 332 4285 686.
578 4223 630 4285 τὸν
653 4222 806 4303 σαπέρδην
830 4221 968 4284 ἀποτῖλαι
991 4221 1046 4302 χρή

579 4319 639 4408 κᾷτ’
666 4324 812 4386 ίιιιιλῦνοιι
834 4322 898 4384 καί
922 4325 1149 4384 διαντλῦναι.

223 4427 345 4488 Vereor
367 4440 408 4488 ne
430 4427 585 4487 ultimum
609 4428 746 4490 verbum
770 4443 788 4489 e
811 4441 1002 4502 praegresso
1021 4426 1130 4487 labem
1150 4426 1302 4500 traxerit,
1328 4439 1393 4485 non
1417 4427 1502 4500 quod

223 4543 386 4603 nusquam
417 4528 493 4589 alibi
524 4529 586 4590 hoc
616 4530 839 4604 compositum
870 4528 1031 4602 reperitur
1062 4527 1113 4597 (cf.
1145 4524 1312 4601 διανίζειν),
1345 4527 1403 4587 sed
1426 4526 1504 4600 quia

224 4632 299 4706 post
328 4626 472 4689 ἐννλοναι
502 4645 618 4705 parum
649 4639 701 4691 est
732 4629 953 4691 commodum.
986 4628 1066 4702 Quid
1097 4631 1210 4689 tamon
1233 4626 1502 4688 substituendum

225 4733 271 4793 sit
293 4733 417 4808 ignoro.
442 4731 584 4792 Ariolari
608 4748 638 4792 v.
663 4747 690 4791 o.
715 4732 823 4806 possis
845 4728 984 4809 χάισὶν
1007 4738 1162 4807 opponi.

180 4834 232 4896 Fr.
257 4835 333 4896 687.
357 4832 404 4894 Cf.
430 4833 581 4894 Mnesim.
606 4834 654 4892 ΙΙΙ
679 4835 743 4894 669
768 4834 809 4894 M.
834 4833 916 4904 (Bi).

179 4936 232 4997 i'r.
257 4937 333 4997 697.
368 4935 508 4997 Beklreri
539 4936 763 4996 coniecturam
795 4931 933 5011 ἕμόιειον
964 4948 1021 5009 pro
1051 4930 1166 5010 ἐμόλετε
1188 4933 1308 4993 merito
1340 4930 1506 5008 improbat

1384 5038 1398 5079 4
