3502 5512
818 365 858 428 61

178 558 230 621 Fr.
256 560 308 622 26.
488 550 531 617 ἐπ’
556 555 649 618 αύτὸν
671 554 752 634 ἥκεις
776 554 828 616 τὸν
851 555 968 634 βατῆρα
990 561 1042 631 τῆς
1064 553 1175 633 θύρας.

222 659 268 722 Gi.
293 661 348 721 Ar.
372 660 454 721 Ran.
479 661 544 722 436
568 653 626 718 ἀλλ’
652 652 711 717 ἴσθ’
739 652 786 717 ἐπ’
810 653 907 733 αὐτὴν
930 653 984 733 τὴν
1007 655 1111 734 θύραν
1133 652 1308 735 ἀφιγμένος.
1330 655 1378 717 De
1400 671 1500 717 sensu

221 763 446 839 metaphorice
469 761 518 822 Bl.
543 757 602 822 cit.
623 760 722 834 Vesp.
746 759 812 819 480
835 751 902 819 οὐδ’
929 754 962 817 ἐν
984 756 1088 843 σελίνῳ
1111 777 1167 817 ne.

180 962 353 1048 Archippi
376 965 415 1027 fr.
441 967 471 1041 θ,
498 966 526 1025 1.
551 962 669 1043 tretecor
692 959 938 1042 κάπιφορήμασιν
969 962 1118 1037 praefero
1142 976 1216 1022 cum
1237 961 1286 1023 Bl.
1317 963 1388 1022 Non
1412 962 1501 1023 enim

224 1067 288 1127 nisi
312 1082 385 1128 raro
409 1069 525 1142 poetae
554 1080 616 1126 nec
638 1064 704 1124 nisi
723 1067 860 1139 cogente
880 1065 987 1125 metro
1017 1064 1051 1124 in
1074 1061 1139 1123 fine
1163 1063 1307 1123 trimetri
1331 1063 1504 1125 elisionem

223 1168 400 1229 admittere
424 1169 585 1242 videntur,
618 1166 696 1240 quia
723 1180 762 1226 ea
793 1166 886 1226 elisio
916 1168 1054 1226 naturae
1083 1165 1201 1226 horum
1224 1179 1382 1225 versuum
1405 1165 1502 1227 reira-

225 1272 332 1345 gatnr.
356 1269 553 1345 Plurimum,
579 1267 733 1342 quamvis
755 1266 884 1327 modice
907 1268 941 1328 et
972 1267 1055 1342 ipse,
1087 1266 1120 1326 in
1152 1281 1189 1327 eo
1217 1281 1335 1341 genere
1354 1267 1505 1342 peccavit

226 1372 289 1441 (est
311 1371 401 1431 enim
423 1370 568 1438 licentia)
594 1367 783 1443 Sophocles.

180 1471 232 1533 Fr.
259 1473 310 1532 10.
342 1470 433 1548 ύφελε
463 1473 520 1531 aut
551 1466 647 1550 ύοαγε
677 1470 814 1544 requirit
840 1470 889 1530 Bl.
920 1484 978 1544 pro
1001 1468 1142 1548 ύααγε,
1171 1470 1256 1544 quod
1278 1470 1355 1532 ferri
1378 1472 1501 1545 nequit.

225 1572 349 1633 Verum
381 1571 512 1632 videtur
541 1566 680 1651 ἄπαγε,
714 1570 802 1631 male
843 1585 879 1631 se
910 1570 1048 1631 haberet
1077 1568 1183 1646 ύφελε,
1206 1572 1282 1646 quia
1315 1568 1504 1651 ἀνροβελίθες

225 1673 294 1748 igni
323 1673 548 1749 imponuntur,
580 1687 646 1732 non
680 1674 920 1748 supponuntur,
955 1673 1067 1746 itaque
1097 1673 1184 1734 certe
1213 1668 1503 1748 &maledicendum

226 1774 356 1836 fuisset.

181 1876 233 1936 Fr.
262 1876 312 1952 11,
340 1879 367 1937 1.
388 1876 437 1936 Bl.
463 1872 703 1937 νὶοΙε111ε1εἰσ1
728 1869 755 1933 δ’
781 1871 867 1951 ὁμοῦ.
892 1908 933 1920 -
959 1875 1016 1936 Vs.
1040 1877 1070 1936 2.
1095 1877 1186 1937 Idem
1210 1870 1241 1934 θ’
1267 1874 1409 1956 betereo.

180 1977 232 2037 l'r.
256 1978 306 2038 12.
343 1977 445 2039 Recte
476 1977 525 2038 Bl.
557 1976 723 2052 virgulam
754 1979 830 2051 post
860 1975 977 2053 νήστεις
1007 1976 1108 2053 delet,
1135 1977 1207 2038 coll.
1230 1978 1326 2039 Alex.
1350 1980 1398 2038 111
1422 1981 1503 2055 500,

226 2077 512 2155 111111111111238,
547 2079 739 2139 Anaxandr.
764 2079 812 2139 ΙΙΙ
839 2080 912 2155 177,
948 2078 1114 2153 Euphron.
1150 2079 1283 2141 1v489
1314 2083 1375 2142 etc.
1411 2081 1506 2142 Errat

226 2179 328 2240 Koch.
355 2179 456 2240 Recte
479 2180 528 2241 Bl.
553 2195 627 2241 eam
651 2180 769 2241 inserit
791 2180 830 2241 fr.
857 2182 907 2257 15,
934 2181 952 2239 2
977 2182 1053 2254 post
1075 2200 1116 2257 γε.

182 2281 233 2342 Fr.
261 2281 311 2342 17.
343 2281 468 2342 Iniuria
501 2281 588 2342 idem
620 2282 757 2355 requirit
781 2281 873 2359 ἱερός,
906 2281 994 2342 male
1026 2284 1123 2341 tuens
1147 2280 1245 2360 ἱεροὺς
1271 2282 1310 2344 fr.
1338 2282 1387 2358 18,
1420 2284 1504 2357 quod

226 2383 350 2459 optime
373 2383 478 2444 Bothe
501 2385 536 2444 et
559 2381 661 2444 Cobet
683 2384 716 2444 in
740 2382 835 2461 ἱερεύς
859 2382 1073 2445 refluxerunt.

184 2486 236 2547 Fr.
263 2486 316 2546 21.
345 2481 431 2564 <tyb
456 2479 517 2546 dt>
544 2484 665 2544 κύαθον
688 2481 743 2544 uei.
767 2485 816 2546 Bl.
845 2484 1009 2546 correctio
1039 2492 1098 2543 τῶν
1126 2480 1197 2543 δέκα
1225 2481 1382 2561 τούβολοῦ.
1405 2486 1505 2546 Recte

227 2602 247 2648 a
269 2586 392 2648 talibus
415 2584 602 2646 abstinebat
623 2585 728 2662 Koch,
754 2586 809 2647 ubi
832 2586 908 2660 quid
931 2600 995 2646 non
1019 2584 1179 2660 suspicari
1202 2585 1320 2659 possis.

184 2688 235 2749 Fr.
261 2689 313 2748 24.
338 2687 487 2749 Pessime
510 2687 598 2748 idem
618 2685 826 2767 celeriorem,
845 2689 952 2749 forma
970 2688 1120 2748 inaudita
1137 2687 1170 2746 in
1190 2688 1369 2749 comoedia.
1390 2688 1507 2749 Melius

229 2790 322 2851 Kock
343 2787 444 2868 βάτοις
468 2804 526 2863 pro
545 2809 574 2848 τε
597 2794 669 2860 τοῖς.

184 2891 235 2952 rr.
261 2892 313 2966 25,
339 2892 369 2951 3.
394 2887 564 2968 ἐντερεύων.
588 2890 637 2951 Bl.
662 2891 717 2952 cst.
741 2891 797 2953 Ar.
822 2891 904 2952 Nub.
931 2893 994 2951 166
1017 2897 1071 2950 τοῦ
1095 2888 1344 2970 διεντερεύματος.

183 2991 234 3052 Fr.
261 2992 312 3068 27,
338 2993 367 3052 5.
394 2989 618 3071 συνήγορον
641 3006 699 3067 pro
718 2991 868 3072 πάρεδρον
891 2993 955 3068 ΒΙ.,
977 2992 1077 3052 nimis
1097 2991 1270 3066 violentem
1290 2990 1397 3053 lenius
1417 2996 1506 3054 certe

227 3092 420 3172 σύνεδρον
450 3092 657 3169 coniecisset,
689 3095 746 3155 sed
778 3095 891 3169 quidni
920 3093 1103 3154 Batrachus
1127 3093 1345 3167 magistratus
1368 3092 1507 3154 alicuius

228 3195 432 3269 paredrus
462 3194 603 3254 fuisset?
634 3195 737 3271 Magis
767 3211 821 3257 me
852 3197 984 3270 torquet
1014 3192 1144 3269 τόκον,
1173 3194 1258 3267 quod
1281 3194 1314 3252 in
1338 3196 1507 3256 comoedia

228 3298 395 3372 partum
419 3297 452 3356 et
476 3311 647 3356 usuram
671 3298 803 3358 tantum
826 3295 1014 3372 significare
1037 3297 1160 3371 potest,
1190 3310 1255 3356 non
1285 3295 1425 3357 filium
1449 3301 1506 3359 aut

228 3397 427 3458 subolem.
452 3396 668 3458 scribendum
692 3401 781 3459 certe
804 3399 936 3459 videtur
959 3397 1084 3475 Κωβιοῦ
1106 3404 1160 3456 τοῦ
1179 3397 1369 3474 Σαλαμινίον
1393 3397 1504 3464 <οὸν>

226 3497 324 3559 τόκον.
354 3498 417 3559 Sed
447 3498 557 3559 nescio
588 3514 644 3558 am
675 3514 753 3560 vera
776 3499 874 3560 lectio
898 3500 943 3559 sit
965 3496 1030 3558 τὸν
1051 3496 1186 3578 γόνον,
1209 3499 1282 3559 coll.
1305 3499 1507 3575 Hegemonis

229 3600 268 3662 11.
295 3602 323 3677 1,
349 3601 383 3677 2,
408 3598 464 3661 ubi
487 3600 552 3660 vid.
578 3599 679 3660 Koch.

183 3701 236 3762 l'r.
257 3703 309 3762 29.
334 3701 410 3762 Sine
435 3716 536 3762 causa
559 3692 671 3780 ὦνδρες
700 3701 749 3762 Β1.
781 3703 819 3762 In
850 3702 1003 3763 vocativo
1027 3701 1100 3761 sine
1123 3699 1313 3763 discrimine
1336 3694 1359 3762 ὦ
1382 3705 1506 3778 passim

228 3803 360 3864 additur
393 3803 451 3862 aut
484 3801 661 3862 omittitur.
698 3802 841 3863 Posthac
875 3802 1031 3879 eandem,
1074 3816 1174 3875 quam
1209 3816 1307 3877 saepe
1341 3806 1506 3882 proponit,

228 3904 452 3965 coniecturam
476 3902 662 3978 neglegam.

184 4005 236 4065 Fr.
260 4006 312 4066 33.
344 4004 482 4064 Frustra
512 4003 697 4064 inserendis
729 4003 896 4064 vocabulis
927 4004 968 4064 ad
998 4004 1170 4065 trimetros
1199 4004 1260 4065 hos
1294 4008 1509 4068 tetrametros

228 4108 361 4167 revocat
390 4105 439 4166 Bl.
473 4105 598 4180 ,Penes
629 4105 727 4165 deum
758 4105 871 4165 omnia
900 4106 996 4167 esse''
1027 4105 1174 4180 populari
1202 4107 1373 4182 proverbio
1396 4108 1510 4170 dicunt

228 4210 404 4269 nostrates.
429 4206 499 4267 Hoc
522 4220 588 4266 non
612 4209 664 4266 est
687 4207 880 4268 emendaret
906 4208 998 4268 idem
1025 4208 1113 4267 valet
1137 4208 1176 4268 de
1198 4209 1303 4269 simili
1325 4211 1509 4272 tentamine

229 4309 292 4370 loci
315 4308 485 4370 sanissimi
508 4307 643 4382 Lysippi
667 4307 730 4377 (vel
755 4309 865 4383 potius
889 4309 1056 4385 Archippi)
1080 4308 1120 4369 fr.
1145 4310 1175 4369 9.

186 4410 237 4471 Fr.
262 4412 314 4487 35,
341 4412 370 4471 1.
400 4408 539 4487 (οἴμοι)
566 4408 656 4481 τάλας
675 4425 786 4471 meum
807 4412 925 4486 probat
944 4411 1010 4485 Bl.;
1031 4408 1136 4469 ἔδακεν
1155 4412 1225 4472 iure
1244 4416 1378 4474 revocat
1396 4414 1508 4475 Nauck

229 4511 389 4572 ecodice.
416 4545 456 4555 —
483 4511 537 4572 Vs.
563 4512 593 4571 2.
631 4531 719 4587 <με>
748 4528 806 4588 pro
834 4530 936 4584 cog>
970 4527 1045 4572 cum
1076 4510 1254 4573 Dindorflio
1284 4513 1333 4575 Bl.
1361 4516 1423 4576 Sed
1452 4518 1509 4578 vix

230 4626 348 4674 sanum
383 4615 435 4673 est
468 4609 698 4691 νάπέβροξε.
732 4614 923 4689 Legendum
954 4616 1033 4690 puto
1064 4614 1102 4674 A.
1131 4609 1232 4687 ἔδακε;
1262 4612 1337 4673 κατὰ
1364 4613 1419 4694 μὲν
1453 4610 1509 4679 ούν

230 4711 322 4794 ἔφαγε
344 4710 407 4773 καὶ
430 4711 647 4794 κατέβρυξὲ
674 4733 781 4792 <με>.
807 4749 848 4759 -
876 4715 933 4776 Vs,
955 4716 985 4776 3.
1010 4714 1206 4793 θεοσεχθρία,
1232 4720 1386 4789 quamvis
1410 4736 1509 4796 prave

229 4815 423 4890 formatum,
448 4817 554 4876 metro
579 4815 775 4893 postulatur,
806 4817 970 4890 siquidem
992 4814 1187 4894 θεοισεχθρία
1204 4816 1238 4876 in
1257 4821 1427 4882 comoedia
1444 4839 1509 4884 non

230 4916 379 4978 admittit
415 4916 594 4989 synizesin.
626 4916 708 4993 Quia
742 4919 854 4979 autem
889 4918 1000 4993 ipsum
1036 4916 1231 4978 vocabulum
1266 4922 1377 4994 procul
1412 4924 1509 4985 dnbio
