3502 5512
863 319 906 378 36

223 500 274 562 Fr.
300 502 351 562 29.
454 496 554 578 ὀσφὺν
577 496 605 561 ‹i’
631 500 668 575 ἐξ
691 499 820 582 ἄκρων
844 502 1048 584 διακίγκλιοον
1073 500 1144 581 η’ύτε
1166 502 1289 582 κίγκλοο

455 600 565 682 ἀνδρὸς
587 604 765 683 πρεσβύτου·
788 601 895 664 τελέειν
918 599 946 664 δ’
973 602 1096 684 ἀγαθὴν
1120 603 1274 681 ἐπαοιδήν.

266 703 463 779 corruptum
498 720 571 766 esse
603 702 632 778 ἐξ
661 702 762 784 ἄκρων
796 707 963 768 intellexit
993 708 1098 783 Kook,
1134 709 1193 769 sed
1229 707 1312 782 quod
1343 704 1483 766 coniecit
1514 699 1543 774 ἐξ

266 801 370 883 ἆομῶν
393 798 451 876 (εἶτ’
476 803 572 883 ἄκραν
595 806 657 875 Bl.)
680 823 795 882 parum
821 809 992 869 commode
1015 810 1168 884 coniungi
1192 809 1321 869 videtur
1344 821 1420 867 cum
1444 805 1543 866 verbo

266 904 486 984 διακιγκλίζειν,
509 908 529 967 i.
554 922 582 968 6.
608 906 767 985 διακονεῖν,
789 912 823 970 et
846 910 953 984 magis
976 910 1060 970 mihi
1083 910 1192 986 placei

565 1003 666 1083 ὀσφὺν
690 1005 730 1069 δὲ
761 1007 882 1088 ξηρὰν
906 1013 976 1081 (aut
997 1009 1139 1089 σκληρὰν)
1162 1008 1218 1069 κτὲ.

220 1109 271 1170 Fr.
296 1110 349 1170 31.
374 1110 526 1170 Fortasse
549 1110 766 1185 supplendum
790 1127 878 1187 esse,
902 1112 987 1185 quod
1007 1127 1106 1188 saepe
1128 1113 1276 1186 iungitur
1296 1127 1371 1172 cum
1391 1108 1543 1170 formulis

266 1205 316 1287 ἀφ’
341 1201 378 1270 οὗ
402 1213 435 1271 et
458 1208 488 1282 ἐξ
512 1202 549 1270 οὗ
572 1213 607 1272 et
629 1207 689 1270 ἀπὸ
712 1208 765 1282 (ἐκ)
789 1212 910 1288 τούτου,

358 1307 513 1383 (εὐθὺς)
536 1305 587 1387 ἀφ’
613 1303 650 1371 οὗ
673 1310 849 1397 κωμῳδικὸν
869 1315 1085 1391 μορμολυκεῖον
1108 1311 1203 1393 ἔγνων

264 1414 332 1473 iam
366 1413 507 1474 antehac
541 1413 655 1473 monui
684 1416 719 1474 et
749 1414 782 1473 in
811 1414 849 1474 tr.
875 1415 916 1475 36
946 1415 1167 1488 reponendam
1198 1429 1272 1476 esse
1301 1416 1444 1476 formam
1467 1414 1542 1474 atti·

266 1530 339 1576 cam
370 1511 507 1590 ἆνακνῆν
537 1529 596 1588 pro
626 1514 830 1575 hellenistica
861 1511 1005 1573 ἆνακνᾶν.
1035 1517 1083 1577 Bl.
1108 1517 1164 1578 cit.
1189 1513 1425 1574 ἀνακναδάλλειν
1449 1513 1541 1575 Gom.

265 1616 376 1691 adesp.
401 1616 476 1676 934.
700 1598 703 1603 “

220 1716 271 1776 Fr.
295 1718 348 1792 40,
374 1717 404 1776 2.
429 1716 561 1777 Gratius
584 1717 625 1777 ad
648 1732 763 1779 aurem
787 1719 950 1779 accideret
977 1734 1094 1778 versus
1118 1720 1169 1779 sic
1191 1716 1326 1778 refictus
1348 1715 1483 1777 κλέπτειν
1505 1713 1542 1776 τὰ

264 1815 352 1877 κοινὰ
374 1815 436 1876 καὶ
460 1821 528 1892 (pro
552 1816 614 1894 ἅμα
636 1823 676 1889 τε)
700 1824 910 1895 συκοφαντεῖν.
933 1820 1000 1880 Nec
1022 1823 1137 1880 tamen
1160 1822 1265 1880 muto.

219 1917 271 1978 Fr.
295 1918 375 1979 406.
399 1918 478 1980 Lex.
503 1919 726 1980 Sabbaiticum
748 1936 779 1995 p.
804 1922 824 1981 9
847 1917 983 1998 ἐμβαλὼν
1007 1917 1184 1999 ἀχηνίαν.
1208 1918 1254 1981 (lt.
1278 1920 1317 1980 ir.
1343 1920 1395 1979 20.

220 2019 271 2080 Fr.
295 2021 349 2080 44.
439 2013 516 2079 τοῦτ’
541 2015 615 2079 αὐτὸ
638 2020 807 2098 πράττω,
830 2015 878 2081 δύ’
906 2016 1003 2099 ὀβολὼ
1026 2019 1076 2080 sul
1100 2021 1252 2099 σύμβολον

441 2117 502 2180 ὑπὸ
525 2130 565 2204 τῷ
584 2115 765 2206 ’πικλίντρῳ
790 2123 815 2180 Β
837 2130 902 2198 μῶν
924 2145 968 2193 τις
991 2115 1052 2182 οὔτ’
1079 2119 1226 2193 &vellem

263 2221 385 2282 Parum
409 2222 532 2282 arridet
553 2222 719 2298 Blaydesii
743 2223 826 2284 coni.
851 2218 912 2282 αὕτ’
934 2221 1052 2302 ἔκρυψα
1076 2218 1124 2283 δύ’
1150 2220 1222 2299 ατί,
1244 2239 1307 2298 quo
1332 2223 1456 2298 scripto
1480 2223 1543 2284 sal·

263 2325 332 2383 tem
364 2322 464 2383 simul
496 2324 644 2384 conicere
675 2324 834 2385 debuerat
862 2317 984 2384 ταοτ.
1016 2325 1081 2385 Fac
1111 2327 1223 2384 autem
1256 2325 1345 2385 recte
1379 2323 1542 2384 Koclxium

263 2425 410 2484 statuere
433 2425 466 2483 in
489 2425 692 2499 praegressis
715 2426 741 2485 Β
764 2425 888 2486 dixisse
920 2423 997 2500 ζήτει
1027 2425 1080 2486 vel
1110 2422 1216 2503 ἐρεύνα
1239 2424 1282 2495 (τὸ
1306 2421 1476 2503 ἀργύριον),
1501 2440 1544 2486 ne

263 2525 465 2600 sicquidem
488 2526 720 2600 percommoda
750 2527 801 2584 est
830 2526 1094 2585 accusativorum
1122 2525 1307 2600 explicatio.
1334 2525 1418 2588 Vide
1441 2525 1545 2600 igitur

263 2641 304 2686 ne
327 2626 444 2704 πράττω
467 2626 513 2685 sit
536 2626 886 2701 interpretamentum,
911 2642 975 2700 quo
999 2626 1120 2701 deleto,
1144 2626 1369 2687 scribendum:

395 2719 469 2786 τοῦτ’
498 2719 559 2784 οὔτ’
569 2742 575 2754 ·
603 2737 664 2787 <v.
686 2740 713 2786 c.
738 2723 835 2802 ἔθηκα
860 2726 913 2786 vel
935 2724 1082 2804 ἔκρυψα)
1110 2721 1157 2786 δύ’
1184 2723 1280 2804 ὀβολὼ
1303 2724 1360 2786 κτὲ.

263 2828 346 2889 Ηοο
380 2828 517 2901 ipsum
549 2827 613 2895 (est
642 2826 727 2900 quod
758 2826 865 2900 dicis);
898 2830 958 2887 etc.
990 2826 1085 2888 Alter
1115 2827 1256 2887 tortasse
1278 2828 1409 2889 dixerat
1439 2830 1539 2890 Num

261 2928 492 3005 perdidisti
521 2927 769 3002 pecuniam?
798 2930 858 2987 aut
887 2927 1010 3000 aliquid
1040 2927 1160 2987 simile.
1192 2925 1346 2988 Ceterum
1372 2945 1540 3005 compare·

260 3034 315 3092 tur
344 3045 421 3091 cum
451 3028 574 3089 tradita
596 3027 736 3089 lectione
759 3030 858 3088 notus
881 3027 1006 3088 Cratini
1034 3028 1233 3088 versiculus:
1261 3023 1369 3105 ,Ταῦτ’
1400 3029 1535 3095 <αὐτὰ>

260 3131 399 3212 necin&
434 3122 487 3188 εἶπ’
520 3126 598 3208 ἀνὴρ
629 3124 719 3188 οὐδὲν
753 3136 858 3188 ποιῶν.
886 3162 923 3171 -
950 3129 1005 3188 Vs.
1038 3130 1067 3190 2.
1099 3128 1243 3203 ἀνείλετο,
1273 3145 1332 3205 pro
1361 3147 1425 3206 quo
1455 3133 1539 3193 olim

259 3233 452 3309 suspicabar
481 3227 616 3305 ἀφείλετο
644 3229 697 3290 vel
719 3227 870 3305 ὑφείλετο,
893 3245 958 3290 non
981 3230 1111 3291 videtur
1129 3230 1385 3293 sollicitandum.

216 3335 267 3396 Fr.
292 3337 345 3395 46.
369 3326 433 3408 μάλ’
459 3321 501 3390 εὖ.
526 3331 574 3391 ΒΙ.
599 3331 654 3391 cit.
679 3330 823 3405 Theogn.
848 3331 931 3404 520;
962 3331 1096 3391 Theocr.
1121 3332 1230 3391 XXIV
1253 3333 1313 3405 933
1346 3338 1379 3393 et
1402 3323 1435 3393 εὖ
1459 3334 1539 3411 μάλα

261 3435 382 3496 cratin.
408 3434 489 3507 276;
514 3431 608 3493 Alex.
636 3432 709 3506 186,
732 3433 761 3491 6.
784 3431 908 3506 Quibus
927 3431 1007 3491 locis
1026 3432 1123 3491 multi
1143 3432 1217 3492 addi
1229 3437 1377 3508 possunt.
1397 3435 1539 3511 Respon-

259 3537 314 3597 det
343 3534 486 3596 iormula
516 3533 670 3594 adverbio
698 3535 811 3593 nostro
843 3532 953 3593 ilinlx
984 3535 1017 3593 et
1040 3535 1150 3594 nescio
1174 3549 1215 3594 an
1238 3535 1291 3595 bic
1314 3551 1456 3615 quoque,
1482 3539 1539 3598 ubi

258 3631 322 3715 μάλ’
349 3625 389 3694 αὖ
413 3651 431 3695 e
454 3633 629 3695 Fritzscbii
652 3634 735 3693 coni.
759 3634 930 3708 rescripsit
952 3632 1057 3708 Koclr,
1082 3637 1171 3694 recte
1193 3636 1319 3695 servari
1342 3637 1458 3711 possit.

213 3740 264 3800 Fr.
289 3740 343 3799 47.
375 3737 437 3797 Pro
462 3734 570 3812 ὅρμου,
601 3734 674 3796 coll.
702 3734 840 3794 Platone
863 3733 941 3809 Rep.
967 3735 1031 3794 420
1056 3735 1094 3808 B,
1120 3735 1199 3794 olim
1222 3737 1394 3797 tentabam
1418 3736 1538 3814 οἵμου

258 3864 299 3888 =
313 3835 402 3913 ὁδοῦ,
432 3851 520 3897 nuno
549 3835 598 3896 Bl.
630 3835 807 3895 violentius
831 3829 905 3894 idco
928 3837 1099 3912 παρούσης,
1121 3835 1206 3908 quod
1230 3838 1319 3897 certe
1341 3837 1481 3900 Photius
1504 3843 1540 3902 et

257 3941 374 4002 Suidas
397 3953 463 3999 non
486 3939 647 4011 legerunt.
675 3935 835 4010 Quidquid
858 3937 923 4010 est,
948 3950 1064 4010 parum
1089 3934 1225 4009 arridet,
1249 3937 1334 4009 quod
1357 3938 1421 4014 ipsi
1443 3941 1537 4001 ridi·

257 4042 396 4103 culum
431 4038 570 4110 videtur,
614 4036 696 4096 mibi
738 4035 978 4110 absurdum,
1012 4034 1127 4095 Kockii
1162 4035 1336 4097 inventum
1372 4049 1537 4119 φορμοῦ.

256 4142 346 4202 Meae
369 4140 578 4200 coniecturae
601 4135 725 4209 obstat,
750 4134 835 4209 quod
855 4149 920 4194 uno
939 4134 995 4194 illo
1015 4135 1164 4195 Platonis
1183 4135 1253 4196 loco
1272 4142 1409 4213 excepto
1426 4144 1537 4215 (quem

256 4241 485 4316 corrigendum
517 4237 710 4312 putatet),
743 4236 827 4310 apud
858 4237 988 4296 Atticos
1023 4227 1107 4312 οἶμος
1138 4238 1190 4296 est
1216 4239 1347 4310 generis
1369 4239 1537 4320 feminini,

256 4357 356 4417 quare
387 4342 529 4401 fortasse
559 4339 647 4399 aliud
678 4337 770 4398 latet.
797 4369 837 4380 -
863 4336 910 4396 Bl.
943 4336 1203 4411 improbabiliter
1232 4336 1273 4409 εἰς
1304 4335 1439 4417 ἀτραπὸν
1466 4338 1538 4402 ἀπε·

254 4443 390 4519 φθάρην.
425 4443 510 4515 Apte
544 4439 599 4500 cst.
635 4437 821 4497 Ennianum
859 4436 940 4511 ,Qui
969 4435 1032 4495 sibi
1067 4438 1265 4497 semitam
1300 4453 1366 4499 non
1400 4444 1539 4517 sapiunt

255 4543 351 4606 alteri
372 4543 564 4603 monstrant
587 4538 730 4598 viam’'.
756 4536 833 4596 Sine
857 4551 959 4596 causa
982 4538 1035 4611 51,
1062 4537 1080 4595 2
1105 4536 1193 4597 idem
1216 4533 1236 4615 ἢ
1260 4554 1318 4613 pro
1341 4538 1401 4599 καὶ.

210 4647 261 4706 Fr.
287 4647 328 4706 55
353 4646 386 4705 et
410 4644 462 4703 66.
487 4643 625 4702 Formas
648 4639 767 4698 atticas
790 4640 823 4697 et
846 4639 999 4712 antiquas
1022 4636 1173 4716 σφόγγοας
1192 4641 1227 4698 et
1245 4636 1340 4699 εἰτέαν
1359 4644 1536 4706 restituen-

253 4753 313 4807 das
346 4759 421 4806 esse
456 4745 523 4802 iam
551 4741 692 4802 antebac
720 4738 847 4813 monui,
879 4740 966 4799 sicut
996 4739 1097 4798 etiam
1121 4739 1160 4798 t'r.
1186 4740 1227 4797 63
1259 4755 1314 4801 me
1336 4742 1438 4804 malle
1461 4738 1536 4822 ἡμῖν

252 4862 310 4922 pro
329 4841 415 4923 ἡμῶν
438 4846 473 4904 et
494 4842 540 4901 ibi
559 4843 592 4901 in
615 4841 654 4900 tr.
678 4839 803 4915 adesp,
828 4855 928 4914 quem
951 4839 991 4899 ad
1016 4838 1209 4913 Anagyrum
1229 4841 1392 4903 referebat
1410 4844 1534 4923 Bergk,
