3502 5512
824 363 885 423 105

237 542 403 621 οδβδομος,
426 549 459 607 et
482 563 530 608 vs.
559 550 598 609 10
621 547 731 624 μανίας
755 543 781 608 δ’
810 544 825 609 δ
850 547 981 620 δέκατος.
1006 581 1046 593 -
1070 547 1126 608 Vs.
1155 547 1205 607 10.
1225 544 1345 625 βάλλειν
1368 543 1513 605 defendit

237 646 336 721 idem,
363 662 423 707 neo
442 649 511 722 ipse
534 649 756 724 sollicitam,
781 650 846 710 nisi
868 649 952 710 torte
972 649 1221 724 praeterendum
1241 644 1417 726 κύκβύλλειν
1437 660 1511 705 cum

238 745 407 809 Meinekio.
431 749 573 810 Jacobsii
597 753 786 813 coniectura
804 753 921 813 nititur
940 752 1025 812 salsa
1040 751 1311 826 interpretatione
1328 747 1418 808 verbi
1440 744 1514 806 ύπο-

237 847 377 919 οκελίζειν
400 853 442 919 (v.
466 852 516 911 12.
542 851 588 912 Oi.
614 853 730 929 Koolrl,
756 869 816 916 nec
838 853 1087 914 Hermanniana
1109 850 1291 931 βομβύλλειν
1314 852 1430 924 aptum
1451 849 1512 907 est.

236 950 425 1024 Requiritur
465 967 640 1027 supremus
679 954 856 1016 violentiae
898 955 1034 1029 gradus,
1070 955 1107 1013 ut
1148 953 1276 1013 dicatur
1318 953 1416 1025 potus
1458 951 1515 1009 aut

237 1053 386 1114 conicere
410 1054 635 1130 quodcumque
655 1056 689 1115 in
708 1056 870 1117 sodalium
890 1057 998 1131 capita
1016 1054 1157 1132 (βάλλειν)
1182 1058 1239 1115 aut
1261 1054 1309 1114 ita
1331 1067 1368 1112 se
1388 1065 1513 1126 gerere,

237 1156 275 1214 ut
308 1154 397 1215 ieras
428 1155 654 1216 exturbandus
688 1158 733 1217 sit
768 1155 953 1234 (ἐκβάλλειν).
998 1156 1116 1218 Utrum
1153 1155 1270 1215 horum
1306 1167 1420 1213 verum
1455 1152 1514 1227 sit,

236 1255 357 1330 pendet
386 1272 428 1317 ex
455 1257 591 1333 ancipiti
620 1259 855 1320 aestimatione
878 1260 1057 1320 lectionum
1082 1257 1245 1319 Athenaei
1267 1253 1317 1314 κοί
1339 1253 1460 1334 βάλλειν
1483 1255 1517 1313 et

238 1357 357 1418 Suidae
380 1355 542 1433 ἐκβάλλειν.
590 1406 592 1410 .

193 1460 244 1521 Fr.
268 1460 354 1535 9o‚2
379 1461 427 1521 Bl.
452 1461 583 1537 supplet
610 1461 680 1539 εμὴ
707 1459 891 1524 θυίτωσον)
914 1454 988 1538 οίμο
1006 1459 1062 1521 κτὲ.
1083 1461 1201 1531 (deleto
1221 1461 1282 1536 μή),
1304 1473 1387 1533 quae
1407 1457 1515 1518 forma

238 1560 443 1622 bellenistioa
461 1577 519 1637 pro
539 1562 680 1623 θυόντων
701 1564 765 1624 iam
787 1564 938 1639 profligat
959 1563 1194 1625 coniecturam.
1217 1593 1254 1603 -
1275 1560 1331 1620 Vs.
1357 1561 1387 1619 3.
1413 1557 1516 1618 Multa

237 1663 395 1723 ariolatur
417 1663 465 1723 Bi.
498 1679 527 1739 p.
556 1665 628 1741 132,
661 1666 826 1741 probabile
850 1666 946 1740 nihil,
975 1669 1009 1726 et
1035 1663 1151 1724 lubens
1174 1665 1316 1724 retracto
1340 1675 1423 1735 quae
1446 1661 1516 1734 ipse

237 1765 389 1839 proposui
419 1765 538 1826 linem.
570 1782 645 1828 nov.
676 1767 722 1827 VI
745 1769 798 1843 68,
829 1782 889 1828 nec
920 1766 1085 1841 persuasit
1115 1764 1197 1825 mibi
1227 1763 1333 1838 Koolr,
1358 1763 1392 1821 in
1423 1761 1515 1821 cuius

239 1865 427 1926 coniectura
456 1871 489 1927 et
522 1867 588 1929 alia
617 1869 699 1928 mibi
729 1867 904 1943 displicent
933 1872 967 1929 et
989 1868 1124 1928 servata
1145 1867 1177 1925 in
1202 1881 1252 1925 vs.
1277 1867 1297 1924 4
1321 1865 1429 1925 torma
1450 1878 1515 1923 nou

238 1967 340 2027 attica
358 1966 483 2045 γλύκιον
502 1983 560 2044 pro
579 1969 768 2048 γλυκύτερον,
788 1970 896 2030 Etiam
917 1968 1069 2043 Polyzelo
1089 1968 1120 2027 ΙΙ
1140 1967 1204 2028 872
1223 1966 1295 2026 2Μ.
1316 1963 1516 2031 reddendum

238 2061 297 2126 ἀλλ’
319 2066 355 2128 oo’
378 2067 528 2147 πραότερον
550 2067 586 2129 roi
608 2067 769 2149 φθέγματα
790 2068 796 2146 Ι
816 2066 887 2131 οὐδὲ
910 2070 1073 2150 γλυκύτερα
1097 2084 1155 2144 pro
1178 2069 1329 2147 γλοκίονα.
1349 2066 1514 2141 Propono:

460 2166 531 2247 μήθ’
558 2162 631 2248 αίμα
660 2170 831 2232 <δόντων>
858 2171 929 2249 μήτε
952 2170 1080 2247 καρδίαν
1104 2167 1182 2246 ἐμοί,

459 2269 500 2348 μὴ
523 2272 628 2332 κύστιν
650 2269 670 2351 ἢ
690 2268 874 2332 ’πιπόλοιιονΙ
899 2270 936 2332 οδ
959 2269 1016 2352 γὰρ
1040 2269 1133 2331 ἐσθίον

459 2371 506 2451 ἥδ
514 2394 576 2433 ιον
599 2370 689 2434 οὐδὲν
713 2372 830 2452 μηρίων
854 2370 910 2453 ἐγώ
933 2394 1012 2433 ποτε.

229 2468 350 2544 Ἥδιον,
368 2474 389 2533 i.
409 2489 437 2533 e.
460 2476 622 2550 potius,
648 2492 713 2537 non
732 2475 940 2537 intellectum
964 2475 1089 2551 peperit
1111 2475 1277 2550 glossema
1298 2473 1430 2552 γλύκιον.

194 2573 245 2633 Fr.
272 2574 325 2635 96.
350 2574 396 2635 Ol.
416 2577 457 2645 (si
475 2578 560 2637 tanti
581 2580 643 2648 est)
663 2578 711 2639 Bl.
732 2577 753 2639 l.
775 2579 796 2639 l.

193 2675 244 2735 i'r.
276 2676 328 2752 98,
364 2678 392 2738 1.
427 2678 567 2763 ψιμυθίῳ
598 2680 648 2747 (ci.
682 2695 729 2740 vs.
762 2681 794 2750 8)
825 2695 956 2740 mecum
987 2678 1125 2752 requirit
1154 2677 1240 2739 idem
1272 2681 1306 2738 et
1336 2676 1394 2737 vix
1427 2678 1515 2736 reete

236 2774 529 2856 καταπεπλασμένοι,
547 2795 626 2840 nam
647 2780 686 2841 de
705 2781 867 2842 industria
886 2780 933 2841 rei
953 2779 1122 2855 augendae
1134 2794 1233 2840 causa
1244 2774 1516 2857 περιπεπλασμέναι

238 2877 367 2940 dedisse
398 2879 528 2940 videtur
558 2885 668 2959 poeta,
701 2885 735 2943 et
764 2882 877 2958 procul
908 2882 1005 2942 dubio
1036 2880 1120 2941 falso
1151 2877 1336 2964 συκαμινίνμ
1367 2878 1517 2959 γνάθους,

237 2978 343 3040 deleto
365 2983 550 3043 necessario
575 2982 727 3060 articulo,
753 2984 825 3044 coll.
849 2983 919 3044 scil.
941 2982 1050 3043 Sotad.
1073 2983 1121 3042 111
1145 2983 1219 3058 585,
1244 2982 1300 3042 ubi
1319 2980 1517 3057 συκαμίνινον

237 3085 368 3158 (τρῖμμα)
391 3085 444 3142 est
468 3082 679 3146 adieetivum.
1381 3152 1384 3156 ,

194 3182 245 3243 Fr.
271 3183 323 3258 99,
338 3184 368 3244 3.
388 3184 480 3244 Kock
501 3200 543 3245 ex
562 3186 746 3247 Hermanni
765 3187 954 3247 coniectura
973 3187 1062 3247 dedit
1085 3180 1161 3265 τοίγ’
1183 3182 1257 3244 ύλλο
1278 3199 1334 3259 pro
1354 3180 1458 3257 τύλλο,
1481 3186 1516 3244 at

237 3284 408 3359 particulis
431 3283 464 3344 δέ
492 3307 525 3365 γε
556 3288 613 3347 vix
643 3288 735 3348 loeus
766 3303 840 3348 esse
872 3289 1000 3348 videtur
1031 3290 1064 3348 et
1094 3287 1295 3362 gravissima
1325 3286 1516 3347 difficultate

237 3401 277 3446 ea
294 3385 391 3447 lectio
411 3387 551 3462 laborat,
573 3389 657 3462 quod
678 3389 733 3462 qui
750 3390 799 3449 sic
812 3389 955 3462 loquitur
974 3404 1039 3449 non
1064 3404 1218 3464 emere,
1243 3388 1301 3449 sed
1324 3401 1514 3464 poscere,

237 3490 367 3562 propter
388 3502 530 3562 sequens
555 3490 690 3549 verbum
714 3490 804 3549 πώλει
825 3490 963 3564 videtur,
989 3504 1065 3549 eum
1090 3492 1202 3549 tamen
1234 3491 1416 3550 ementis
1439 3489 1517 3562 quin

238 3588 338 3648 verba
367 3591 436 3649 siut
468 3591 523 3650 vix
554 3592 659 3665 possit
689 3591 840 3652 dubitari.
865 3593 1041 3667 Propterea
1064 3591 1164 3664 igitur
1195 3590 1329 3665 legerim
1362 3587 1517 3650 littorea

239 3689 331 3749 πώλει
353 3688 409 3750 κιὲ.
1205 3672 1207 3676 ’

195 3791 245 3852 Fr.
274 3792 345 3853 100.
369 3788 567 3869 τύλοβύσττον
590 3795 706 3855 malim
731 3812 806 3856 oum
830 3796 889 3872 Bt,
915 3796 992 3869 quia
1016 3810 1080 3856 uno
1103 3799 1235 3856 tantum
1259 3810 1341 3871 opus
1364 3797 1446 3856 erat.

195 3892 246 3954 Fr.
274 3895 346 3954 101.
377 3893 483 3971 νήττης
513 3911 570 3971 pro
601 3895 703 3974 ψυχὴν
730 3898 800 3967 (Bi.)
832 3912 949 3973 parum
974 3896 1139 3971 probabile
1164 3898 1282 3957 vitium
1310 3900 1371 3958 est.
1401 3895 1517 3956 Melius

240 3998 329 4056 certe
353 3997 564 4058 coniecisset:

1042 4097 1069 4158 εί
1090 4096 1130 4175 ci

465 4202 637 4274 <μᾶλλον>
664 4200 702 4260 σὺ
724 4198 815 4278 χηνὸς
838 4191 920 4279 ἧπαρ
943 4196 963 4278 ἢ
986 4198 1088 4278 ψυχὴν
1111 4198 1194 4278 ἔχεις.

240 4296 301 4357 Sed
324 4299 406 4358 nihil
430 4315 551 4361 novare
574 4305 626 4361 est
648 4302 764 4362 satine.

195 4399 246 4458 Fr.
273 4400 345 4460 102.
370 4400 471 4461 Recte
492 4401 634 4463 tortasse
657 4404 743 4464 idern
768 4401 870 4485 ψύγύμ
889 4398 960 4475 ὀνκ,
982 4405 1040 4464 sed
1069 4405 1156 4463 iusto
1179 4404 1338 4464 audacius
1361 4401 1516 4482 κεγρτμέννγ

238 4514 296 4575 pro
319 4499 495 4578 λελουμένη,
517 4504 601 4577 quod
626 4505 732 4565 multo
755 4505 884 4565 facilius
908 4505 1027 4579 corrigi
1046 4507 1169 4580 potest.
1194 4504 1360 4579 Suspicor:

463 4602 616 4688 Αἰγυπτίῳ
639 4604 743 4687 ψοίγδμ
762 4599 820 4664 ’στί
843 4603 904 4682 τρίς
928 4602 1195 4682 ἀληλιμμένη,

238 4704 323 4779 qnod
346 4705 455 4781 ipsum
480 4721 567 4765 nuno
590 4708 715 4780 reperio
739 4706 771 4766 in
796 4708 867 4766 eius
891 4707 1057 4768 Addendis
1080 4722 1110 4782 p.
1136 4708 1211 4767 334.

194 4805 246 4866 Fr.
274 4807 335 4866 104
359 4808 646 4881 corruptissimum
671 4811 704 4868 et
727 4809 904 4869 obscurum
928 4825 993 4870 nou
1014 4812 1160 4883 tangam,
1182 4810 1246 4868 uisi
1266 4809 1349 4883 quod
1370 4826 1419 4870 vs.
1436 4815 1450 4870 l
1467 4825 1514 4883 sq.

239 4907 381 4969 scribam
406 4907 542 4993 δωματίῳ
569 4918 669 4992 <σςδ>
696 4910 859 4989 στρούθιον
881 4908 937 4970 κτὲ.
960 4911 1055 4987 Vide,
1080 4911 1109 4971 si
1132 4911 1218 4970 tanti
1240 4914 1304 4988 esi,
1329 4911 1378 4972 Bl.
1395 4927 1425 4987 p.
1443 4912 1514 4971 133.
