3502 5512
826 355 868 415 85

233 534 307 617 ιαιμ’
330 534 391 600 αὕτ’
413 537 453 599 dv
471 541 524 602 vel
543 542 603 624 ᾠά;
625 545 648 600 Β
666 537 852 620 καταπίνοιμ’
878 538 932 614 ἂν,
955 545 1010 603 aul
1031 557 1097 602 non
1118 543 1315 603 continuans
1341 545 1374 602 et
1397 541 1507 616 proba·

231 641 341 701 bilius:
367 644 399 700 Β.
422 642 581 721 τρώξομαι,
601 640 606 722 Ι
627 637 688 727 ᾧὸν
712 639 744 704 δὲ
767 641 824 704 ιιτὲ.
848 644 970 704 Lenius
995 643 1120 718 possis:

344 747 380 802 Α.
404 743 563 821 μελίπηκτα
588 741 614 803 δ’
642 744 672 805 εἴ
690 767 747 817 τις
770 744 951 824 προσφέροις
976 747 1008 803 Β.
1031 738 1167 824 τρώγοιμ’
1192 740 1239 803 ἅν.
1264 748 1301 803 Α.
1325 743 1352 802 εἰ

341 844 401 929 ᾠὸν
425 843 469 915 δίς
496 849 525 904 Β.
550 840 734 921 καταπίνοιμ’
760 844 806 906 ἅν.
833 851 867 904 Α.
891 844 982 906 ἄλλον
1007 844 1056 905 δεῖ
1075 868 1174 917 τινος;

229 947 375 1007 admissa
400 947 560 1008 Eustathii
578 931 619 1008 'et
642 949 710 1007 cod.
735 946 759 1007 d
782 943 922 1009 lectione
946 941 1078 1026 τρώγοιμ’
1108 943 1146 1005 ἂν
1170 963 1227 1023 pro
1252 946 1401 1025 τρώγοιμι.

185 1047 236 1108 Fr.
264 1049 336 1122 144,
362 1049 392 1109 7.
427 1049 513 1109 Anto
544 1049 592 1108 Bi.
625 1048 747 1108 contuli
771 1049 832 1108 Av.
860 1049 932 1109 128.
960 1082 999 1092 -
1025 1047 1079 1108 Vs.
1104 1049 1135 1110 9.
1167 1047 1269 1109 Valde
1300 1048 1412 1109 dubito
1436 1050 1506 1109 tam

229 1148 269 1209 ds
299 1148 390 1208 hiatu
420 1164 519 1222 quarn
550 1150 590 1210 de
620 1155 798 1224 anapaesto
828 1145 902 1226 ἡδέα
930 1147 1002 1226 έμιλ.
1034 1151 1139 1211 Locus
1163 1166 1227 1211 non
1252 1153 1391 1211 sanatur
1414 1151 1516 1225 Biay·.

230 1250 313 1311 dosii
335 1250 521 1311 coniectura
543 1243 625 1325 οἶμαι
650 1265 708 1325 pro
732 1248 796 1328 ἐμοὶ
819 1246 883 1327 μὲν.
916 1252 1002 1312 Num
1030 1253 1116 1313 forte
1146 1247 1210 1313 fuit
1234 1250 1288 1328 οὐχ
1311 1246 1386 1327 ἡλν;
1409 1248 1507 1327 φημὶ

230 1348 300 1427 μετὰ
323 1349 356 1410 τὸ
379 1356 516 1411 πλουτεῖν
540 1352 704 1430 δεύτερονῗ

185 1453 237 1514 Fr.
264 1453 337 1528 147,
365 1455 393 1513 1.
429 1453 477 1514 Bi.
513 1453 729 1514 conicientem
761 1452 796 1512 ταί
825 1448 846 1514 τ’
879 1452 967 1531 iiiia,
996 1455 1081 1528 quod
1116 1455 1225 1529 ipsum
1260 1453 1411 1528 traditur,
1443 1468 1507 1512 non

228 1555 398 1630 intellego;
433 1555 485 1615 sin
521 1556 624 1616 voluit
653 1553 703 1614 ιιαλ
733 1548 835 1631 τᾶλλα,
864 1557 998 1632 fallitur,
1031 1571 1091 1617 noc
1121 1555 1343 1615 necessariam
1369 1552 1509 1613 arbitror

231 1655 378 1717 eiusdem
414 1657 636 1718 coniecturam
673 1660 766 1719 vsa
798 1657 927 1736 νομίζειν
958 1674 1016 1735 pro
1051 1656 1082 1716 τὸ
1112 1655 1232 1732 νομίσαι
1262 1661 1320 1716 aut
1349 1655 1508 1716 leniorem

229 1757 348 1818 Nabari
367 1777 396 1816 τε
420 1772 477 1832 pro
497 1757 537 1817 τὸ.
559 1759 595 1818 [ο
616 1759 847 1835 Aristophanis
867 1760 905 1821 ir.
928 1760 1054 1834 152οΙ),
1074 1759 1159 1833 quod
1179 1759 1259 1819 citat
1278 1758 1326 1817 Β1.
1347 1758 1386 1817 ad
1408 1772 1456 1817 vs,
1477 1758 1507 1831 7,

230 1859 457 1934 corrigendum
481 1855 559 1918 ἐστιν
582 1859 667 1935 μέλι
692 1866 760 1935 (pro
784 1864 888 1937 μέλει),
911 1877 975 1922 non
1007 1861 1101 1939 ytoud
1125 1876 1201 1922 curn
1224 1861 1304 1935 ipso.
1331 1893 1370 1902 —
1396 1858 1452 1918 Vs.
1476 1862 1507 1917 4.

228 1964 328 2039 θιγεῖν
352 1975 410 2035 pro
433 1965 530 2037 τυχεῖν
552 1961 633 2022 felix
657 1965 708 2022 est
732 1963 847 2024 Kookii
871 1964 1056 2023 inventum.

186 2062 237 2123 Fr.
253 2058 338 2137 148,
364 2062 394 2121 2.
427 2062 632 2138 παρατίλλεται
663 2079 720 2138 pro
752 2058 912 2141 προσέρχετ’
940 2054 994 2137 αὖ,
1017 2063 1101 2137 quod
1125 2078 1206 2123 sane
1229 2065 1417 2137 corruptum
1441 2064 1507 2135 ost,

230 2163 367 2224 coniecit
390 2163 438 2223 Bi.
463 2163 510 2223 Ne
532 2165 580 2224 sic
603 2165 732 2238 quidem
755 2165 847 2225 locus
866 2166 1063 2241 personatus
1088 2165 1226 2239 videtur,
1257 2179 1317 2223 nec
1340 2162 1420 2222 illud
1441 2177 1506 2221 ver·

230 2264 308 2325 bum
327 2264 434 2339 primo
454 2264 525 2324 loco
545 2269 758 2340 exspectatur·
778 2270 855 2326 ante
874 2265 1011 2344 ρὐιτιται
1028 2298 1065 2307 -
1081 2272 1187 2341 σμῆται
1211 2261 1281 2330 nrt..
1300 2264 1377 2324 licet
1396 2265 1507 2337 aptum

229 2367 274 2426 sit
296 2365 427 2439 aliquod
453 2365 589 2426 verbum
613 2367 653 2427 ad
677 2369 804 2427 cultum
828 2366 1022 2427 muliebrem
1050 2365 1225 2441 pertinens.
1251 2364 1408 2439 Quidquid
1432 2363 1508 2437 fuit,

232 2472 327 2528 teneo
358 2467 443 2540 quod
469 2467 546 2528 olim
573 2469 696 2529 conieci
719 2468 883 2547 μετέρχεται
905 2501 956 2535 -,
976 2458 1015 2526 αὖ
1038 2464 1210 2543 μετέρχεται.
1235 2500 1275 2509 -
1301 2465 1356 2526 VS.
1377 2468 1408 2525 4.
1429 2462 1509 2524 tult-

226 2553 291 2628 'don'
318 2567 420 2637 (Kock
443 2584 501 2644 pro
525 2563 671 2646 ἐκβέβηί)
694 2570 838 2644 speeiem
864 2569 971 2630 habet.
990 2567 1099 2628 —Vs
1120 2571 1151 2629 5.
1175 2572 1339 2638 σιοιιεῑται,
1365 2564 1509 2624 στέλλεται

231 2676 383 2748 corrupta
417 2672 509 2731 ducit
539 2670 587 2730 Bi.
619 2671 714 2731 Prius
745 2671 882 2732 verbum
913 2685 993 2732 saue
1023 2669 1154 2731 difficile
1182 2673 1233 2730 est
1255 2668 1419 2744 explicare
1441 2668 1509 2738 (vix

230 2773 319 2834 euim
343 2770 528 2848 significare
548 2774 657 2848 potuit
679 2774 765 2846 quod
789 2773 910 2834 Graece
934 2773 1052 2833 dieitur
1074 2771 1347 2846 ιιατοιιτρίζεσθαιγ,
1368 2770 1507 2831 sednon

231 2874 445 2948 improbabile
483 2874 612 2935 videtur
643 2873 801 2947 στέλλεται,
840 2874 980 2935 induit
1015 2874 1294 2947 vestimenta,
1329 2872 1359 2932 si
1394 2886 1508 2931 verum

227 2981 279 3036 ost
313 2976 519 3036 Kocirianum
551 2969 693 3034 έκὸέδυιέ.
724 2975 879 3036 Ceterum
912 2976 1003 3036 venit
1038 2976 1071 3034 iu
1106 2976 1252 3034 mentem
1289 2977 1440 3039 οιιοιτεῑ,
1475 2973 1510 3029 τί

227 3074 445 3149 στέλλεται,
490 3079 661 3152 spectat
706 3077 801 3150 quid
847 3076 930 3136 sibi
976 3077 1179 3136 mittatur
1224 3075 1271 3134 ab
1314 3078 1508 3134 amatore

229 3180 388 3253 (munus),
413 3178 470 3238 sed
495 3179 577 3238 nibil
601 3177 740 3239 affirmo.

184 3279 235 3339 Fr.
264 3280 335 3353 149,
364 3282 391 3339 1.
416 3279 464 3339 Bi.
490 3288 575 3338 rouro
601 3274 632 3338 δ’
657 3284 715 3340 aut
738 3279 826 3355 τήνδε
851 3274 878 3338 d’
904 3283 938 3340 et
961 3278 1015 3355 τὴν
1032 3273 1158 3357 Ὑγιείας
1184 3281 1308 3338 temere
1332 3278 1480 3339 coniecit.

185 3381 235 3441 Fr.
265 3383 335 3455 151,
365 3384 392 3440 l.
418 3379 456 3450 ὡς
481 3397 538 3455 pro
558 3377 600 3440 ὢν
624 3382 696 3441 sine
719 3381 918 3442 necessitate
943 3381 989 3441 Bi.

185 3482 235 3541 Fr.
264 3482 336 3542 153.
372 3482 466 3556 Apud
499 3483 609 3557 Stepir.
641 3483 676 3542 B.
705 3483 792 3542 idern
823 3481 987 3556 ἐνδύματος
1014 3474 1108 3554 εἶδος,
1131 3480 1226 3554 qualo
1250 3482 1326 3552 quid
1350 3495 1430 3540 sane
1454 3496 1508 3543 ex·

228 3586 408 3658 spectatur.

185 3686 237 3745 Fr.
265 3686 336 3757 154,
363 3686 392 3746 2.
418 3685 466 3745 Β1.
492 3677 566 3755 εἶτα,
590 3689 626 3745 ut
650 3688 766 3745 natum
792 3701 809 3744 s
835 3701 882 3745 vs.
908 3685 941 3759 3,
973 3685 1006 3744 in
1030 3682 1125 3744 αὑτοῦ
1148 3686 1267 3743 mutat.
1292 3683 1377 3742 Fieri
1400 3683 1509 3757 potest

229 3788 266 3847 ut
289 3789 391 3862 rocta,
416 3786 473 3846 sed
498 3786 620 3859 absque
646 3801 747 3846 causa
769 3787 886 3846 idonea
910 3786 1009 3845 verba
1027 3782 1066 3855 ὡς
1085 3791 1197 3845 θᾶττον
1221 3781 1239 3862 ἡ
1259 3789 1328 3854 παῖς
1350 3783 1509 3843 violenter

231 3889 338 3947 mutat
360 3887 394 3947 in
418 3883 480 3946 ἐπελ
504 3887 637 3964 τάχιστα,
667 3902 750 3960 quae
774 3902 872 3947 nemo
896 3887 944 3946 ita
968 3887 1175 3956 corrupisset.
1200 3886 1358 3959 Analogis
1383 3899 1509 3959 compa·

231 3988 327 4048 rativi
372 3995 481 4047 οᾱτιαι
517 3990 678 4064 exemplis
710 3991 792 4049 satis
822 3989 1008 4048 detenditur
1038 3991 1190 4061 quamvis
1224 3989 1417 4048 insolentior
1446 3990 1507 4046 tra·

231 4089 300 4148 dita
323 4088 428 4150 lectio.

186 4191 236 4251 Fr.
264 4192 336 4264 159,
361 4193 391 4252 4.
424 4192 590 4252 Revocata
621 4194 691 4253 cod.
724 4193 760 4252 A.
797 4192 938 4252 lectione
968 4189 1047 4269 οὐχί,
1074 4191 1121 4252 Β1.
1154 4207 1210 4266 pro
1235 4190 1429 4250 Hauoviauo
1453 4189 1508 4249 κού

230 4294 414 4367 transponit
438 4293 588 4371 εἰσάγουσι
613 4294 730 4367 τίτθας,
753 4293 810 4353 sod
835 4292 1020 4367 elegantius
1046 4291 1143 4366 vulgo
1166 4292 1268 4361 τίτθας
1296 4294 1510 4366 separatura

231 4410 309 4454 voca
328 4394 497 4470 βασιισίναα,Ι
527 4394 645 4454 Dubito
662 4397 777 4455 tamen
790 4410 831 4454 an
844 4393 881 4453 orl
895 4410 952 4469 pro
965 4392 1030 4471 οὐχὶ
1042 4393 1195 4455 sufficiat.
1211 4428 1250 4457 ,-
1265 4392 1320 4452 Vs.
1334 4395 1354 4453 6
1367 4397 1510 4468 (propter

231 4497 454 4570 negationem,
489 4499 523 4555 ut
555 4495 704 4565 arbitror)
729 4497 814 4556 idern
841 4496 987 4570 postulat
1010 4495 1050 4572 μὰ
1074 4495 1147 4571 Δία,
1174 4495 1257 4569 quod
1281 4498 1408 4569 tamen,
1433 4495 1510 4567 quia

232 4602 385 4656 recusant
426 4598 568 4668 numeri,
613 4599 641 4655 si
684 4598 764 4657 bene
800 4602 967 4672 receptum
1002 4612 1053 4657 est
1087 4597 1190 4658 Grotii
1225 4595 1508 4671 supplementum,

230 4698 378 4771 suspicor
397 4714 414 4757 e
433 4698 583 4773 proximo
605 4713 701 4758 versu
722 4700 785 4758 huo
796 4699 969 4759 devenisse
982 4715 1038 4774 pro
1051 4700 1126 4776 δῆλα
1140 4697 1508 4776 λή,εἱοιλλὶτο]οολίοοο.

232 4798 294 4858 Sed
321 4798 360 4859 ol.
383 4799 482 4858 Kock.
509 4833 548 4843 —
574 4798 629 4859 Vs.
655 4799 684 4858 8.
717 4800 778 4859 Pro
805 4790 844 4858 αὖ
869 4801 917 4859 Β1.
942 4801 1039 4861 malit
1062 4792 1132 4872 οὖν,
1154 4800 1261 4875 possis
1284 4800 1383 4860 etiam
1410 4796 1458 4873 δὴ.
1481 4799 1509 4856 si

234 4899 309 4973 quid
338 4901 543 4960 mutandum.
570 4933 609 4943 -
635 4900 689 4961 Vs.
718 4901 768 4961 10.
793 4900 883 4961 Idam
915 4903 1068 4976 proponit
1097 4899 1281 4980 καταλέγειν,
1311 4916 1393 4974 quae
1420 4901 1510 4960 notio
