3502 5512
826 357 868 416 85

233 535 307 616 νοιμ’
329 535 391 601 αὕτ’
412 539 452 599 έν
471 542 523 603 vel
543 542 603 624 ᾠά,
624 545 648 601 Β
667 539 852 620 καταπίνοιμ’
879 540 932 618 ἂν,
955 546 1097 605 autnon
1118 546 1315 606 continuans
1341 548 1375 605 et
1396 544 1507 620 proba·

231 642 341 701 bilius:
367 645 398 701 Β.
422 642 581 719 τρώξομαι,
601 641 605 723 Ι
627 637 688 728 ᾧὸν
712 641 744 705 δέ
767 643 824 705 κτέ.
848 645 970 706 Lenius
995 645 1120 721 possis:

344 748 380 803 A.
403 744 563 822 μελίπηκτα
587 742 614 805 δ’
642 745 672 806 εἴ
690 768 748 818 τις
770 745 952 826 προσφέροις
976 749 1007 805 B.
1031 740 1167 825 tpdyoip'
1192 743 1239 806 dv.
1265 751 1301 806 A.
1325 746 1352 806 εἰ

341 844 401 929 ᾠὸν
425 844 468 916 δέ,
494 850 525 906 Β.
549 841 734 922 καταπίνοιμ’
759 845 807 907 ἄν.
834 853 867 907 Α.
891 846 982 908 ἄλλου
1007 848 1056 908 δεῖ
1074 871 1174 920 τινος;

229 946 375 1007 admissa
400 947 560 1008 dustatbii
577 932 619 1008 'et
642 950 710 1009 cod.
735 945 922 1011 illectione
946 944 1078 1028 τρώγοιμ
1108 945 1146 1008 ἂν
1170 965 1227 1025 pro
1252 948 1401 1028 τρώγοιμι.

185 1048 236 1108 Fr.
263 1049 336 1122 144,
362 1048 392 1108 7.
427 1050 513 1109 Ante
544 1049 592 1109 ΒΙ.
624 1051 747 1110 contuli
771 1053 832 1110 Av.
861 1051 932 1111 128.
959 1084 998 1093 -
1025 1050 1079 1111 Vs.
1105 1052 1134 1112 9.
1168 1050 1269 1111 Valde
1300 1051 1412 1111 dubito
1436 1053 1505 1111 tam

229 1149 269 1209 de
298 1149 391 1208 hiatu
419 1164 519 1222 quam
550 1152 590 1211 de
620 1154 798 1226 anapaesto
828 1146 902 1228 ἡδύ,
929 1150 1002 1228 έμσὶ.
1034 1153 1138 1213 Locus
1162 1168 1228 1213 non
1252 1156 1390 1213 sanatur
1414 1154 1516 1226 Blay·.

229 1250 312 1311 desii
335 1251 520 1311 coniectura
543 1245 625 1327 ολμαι
650 1267 707 1326 pro
732 1250 795 1329 έμολ
818 1248 883 1328 μέν.
915 1252 1002 1315 Num
1030 1254 1115 1314 torte
1145 1249 1210 1315 fuit
1234 1252 1287 1330 οὐχ
1310 1248 1386 1330 ἡδύς
1409 1251 1507 1330 φημί

229 1350 300 1429 μετὰ
323 1349 355 1410 τὸ
378 1356 516 1412 πλουτεῖν
539 1353 703 1431 δεύτερονλ

184 1453 237 1513 Fr.
264 1454 337 1528 147,
365 1455 392 1514 1.
428 1454 476 1514 Bl.
512 1455 729 1515 conicientem
760 1454 795 1514 ταί
824 1451 845 1515 τ’
879 1455 967 1533 ι’ίλλα,
996 1457 1080 1530 quod
1116 1457 1224 1531 ipsum
1259 1456 1410 1530 traditur,
1443 1470 1506 1515 non

227 1555 397 1630 intellege
432 1556 484 1616 sin
520 1557 623 1617 voluit
653 1555 703 1615 καὶ
733 1549 835 1631 τᾶλλα,
864 1558 998 1634 fallitur,
1030 1573 1091 1619 nec
1121 1557 1344 1617 necessariam
1368 1555 1508 1615 arbitror

231 1656 378 1717 eiusdem
413 1657 636 1719 coniecturam
673 1675 722 1719 vs.
748 1661 766 1719 2
797 1658 927 1737 νομίζειν
957 1675 1016 1735 pro
1050 1658 1082 1718 τὸ
1112 1658 1232 1734 νομίσαι
1261 1663 1319 1718 aut
1349 1658 1506 1718 leniorem

229 1757 347 1818 Naberi
367 1778 396 1817 τε
418 1773 476 1833 pro
496 1758 537 1817 τὸ.
557 1761 594 1820 In
616 1761 847 1835 Aristophanis
866 1762 905 1822 tr.
927 1761 1053 1836 5201),
1073 1761 1158 1835 quod
1179 1761 1259 1820 citat
1278 1761 1326 1820 ΒΙ.
1346 1761 1386 1820 ad
1407 1774 1455 1820 vs,
1476 1761 1507 1834 7,

229 1859 456 1935 corrigendum
480 1856 559 1919 ἐστιν
581 1861 667 1937 μέλι
691 1867 760 1936 (pro
784 1865 887 1938 με’λιι),
910 1878 974 1923 non
1006 1863 1100 1940 ytoud
1125 1878 1200 1923 cum
1223 1863 1304 1936 ipso.
1330 1895 1369 1904 -
1396 1861 1451 1920 Va.
1476 1863 1507 1920 4.

228 1964 328 2038 θιγεῖν
351 1975 409 2035 pro
432 1965 529 2038 ταχεῖα
552 1962 633 2022 felix
656 1967 708 2023 est
731 1964 847 2024 Kockii
870 1965 1054 2024 inventum.

185 2063 236 2122 Fr.
266 2063 338 2137 148,
364 2063 393 2121 2.
426 2063 631 2137 παρατίλλεται
662 2079 720 2139 pro
751 2059 911 2142 προσέρχετ’
939 2056 993 2138 αὖ,
1017 2065 1101 2138 quod
1124 2080 1205 2125 sane
1228 2067 1416 2139 corruptum
1442 2068 1507 2138 est,

229 2163 367 2224 coniecit
389 2164 437 2224 Bi.
462 2163 509 2224 Ne
531 2165 579 2224 sic
603 2166 732 2239 quidem
755 2166 846 2227 loeus
866 2167 1062 2241 personatus
1086 2166 1226 2240 videtur,
1256 2181 1316 2225 neo
1339 2164 1418 2224 illud
1440 2179 1506 2224 ver·

230 2265 308 2325 bum
327 2264 433 2339 primo
453 2264 524 2325 loco
544 2270 757 2340 exspectatur
777 2269 855 2327 ante
874 2265 1010 2344 ρύπτικαι
1027 2299 1064 2309 -
1081 2274 1186 2342 σμῆκαι
1210 2263 1507 2339 κτέ..11ααλοοίιιαι

228 2367 273 2426 sit
295 2365 426 2440 aliquod
452 2366 586 2426 verbum
612 2368 652 2427 ad
676 2368 804 2428 cultum
827 2368 1020 2428 muliebrem
1048 2367 1225 2442 pertinens,
1250 2365 1507 2442 Quinquatrus,

231 2472 326 2528 teneo
357 2469 442 2540 quod
468 2469 546 2528 olim
572 2469 695 2530 conieci
718 2468 883 2547 μετέρχεται
904 2503 956 2535 -,
975 2460 1014 2527 αὖ
1037 2465 1209 2545 μετέρχεται.
1235 2502 1273 2511 -
1299 2467 1356 2528 Vs.
1376 2470 1407 2528 4.
1427 2464 1508 2525 έκίέ-

225 2554 290 2629 ¹dnn'
317 2567 420 2637 (Kock
442 2584 499 2645 pro
524 2563 670 2646 ἕκβὲβηιι’)
693 2571 837 2644 speciem
863 2571 970 2631 habel.
989 2569 1098 2630 -VS.
1120 2573 1150 2630 5.
1174 2574 1339 2642 σκοπεὶται,
1364 2567 1508 2627 στέλλεται

229 2676 383 2748 eorrupta
417 2673 508 2733 ducit
538 2672 586 2732 Bl.
618 2673 713 2732 Prius
744 2672 881 2733 verbum
912 2686 992 2732 sane
1022 2670 1153 2732 difficile
1180 2673 1232 2732 est
1254 2671 1418 2746 explicare
1440 2671 1508 2740 (vix

229 2773 318 2833 onim
342 2772 527 2849 significare
547 2774 655 2849 potuit
678 2775 763 2847 quod
788 2775 909 2835 Graece
933 2774 1051 2834 dicitur
1073 2772 1346 2848 κατοπτρίζεσθαι,
1367 2772 1506 2832 sednon

229 2875 445 2949 improbabile
482 2876 610 2935 videtur
641 2875 800 2949 στέλλεται,
838 2875 979 2936 induit
1015 2876 1293 2949 vestimenta,
1328 2874 1358 2933 si
1393 2887 1507 2933 verum

226 2981 278 3036 est
312 2976 518 3036 Kockianum
550 2971 691 3035 indidvn'.
723 2976 878 3037 Ceterum
911 2977 1002 3037 venit
1037 2977 1070 3035 in
1105 2978 1251 3036 mentem
1287 2979 1439 3042 σκοπεῖ,
1474 2975 1509 3032 τί

226 3075 444 3148 στέλλεται,
490 3080 660 3152 spectat
705 3079 800 3151 quid
846 3078 928 3137 sibi
975 3077 1177 3138 mittatur
1223 3077 1270 3136 ab
1313 3079 1507 3137 amatore

227 3180 386 3254 (munus),
412 3179 470 3239 sed
493 3179 576 3238 nihil
600 3177 739 3240 affirmo.

182 3279 233 3339 Fr.
262 3281 333 3354 149,
363 3283 390 3339 1.
414 3279 463 3339 ΒΙ.
488 3288 574 3339 τοῦτο
599 3275 631 3338 δ’
655 3285 714 3340 aut
737 3280 825 3356 τήνδε
849 3275 877 3339 i’
902 3286 937 3341 et
960 3279 1013 3356 τὴν
1031 3274 1156 3358 Ὑγιείας
1182 3283 1307 3340 temere
1330 3280 1479 3340 coniecit.

183 3381 233 3441 l'r.
264 3383 333 3456 151,
363 3384 390 3440 1.
416 3379 455 3451 ὡς
480 3397 536 3455 pro
557 3377 600 3440 ὢν
623 3382 695 3441 sine
719 3382 917 3443 necessitate
940 3382 988 3442 Bi.

183 3482 234 3541 l'r.
262 3482 334 3543 153.
371 3483 465 3557 Apud
497 3484 607 3557 Stepb.
640 3483 675 3542 B.
704 3484 790 3543 idem
822 3481 985 3558 ἐνδύματος
1013 3475 1106 3555 εἶδος,
1130 3483 1224 3556 quale
1249 3484 1325 3556 quid
1348 3498 1429 3543 sane
1453 3500 1507 3546 ex·

226 3586 407 3658 spectatur.

183 3686 235 3746 Fr.
263 3687 334 3757 154,
361 3686 391 3746 2.
417 3685 465 3745 ΒΙ.
490 3678 565 3758 εἶτα,
588 3689 625 3745 ut
648 3689 763 3745 natum
790 3702 808 3745 e
833 3702 880 3746 vs.
906 3688 939 3760 3,
972 3687 1004 3745 in
1029 3683 1123 3744 αὑτοῦ
1148 3689 1265 3745 mutat.
1291 3686 1375 3745 Fieri
1398 3687 1507 3760 potest

227 3789 265 3846 ut
287 3790 389 3862 recte,
414 3788 472 3847 sed
496 3787 619 3861 absque
644 3802 745 3847 causa
767 3788 884 3847 idonea
907 3787 1007 3847 verba
1025 3784 1065 3857 ὡς
1084 3791 1196 3846 θᾶττον
1219 3783 1326 3863 ἡπαῑς
1348 3786 1507 3846 violenter

229 3890 337 3948 mutat
359 3888 393 3948 in
416 3885 479 3946 έπεὶ
503 3888 636 3964 τάχιστα,
666 3903 748 3961 quae
773 3904 870 3948 nemo
895 3889 942 3948 ita
966 3888 1174 3957 corrupisset.
1199 3889 1357 3961 Analogis
1380 3902 1507 3961 compa·

228 3989 325 4048 rativi
370 3997 480 4049 ustrou
515 3991 677 4064 exemplis
707 3991 790 4050 satis
820 3990 1006 4050 detenditur
1036 3993 1189 4063 quamvis
1222 3990 1416 4049 insolentior
1444 3991 1506 4047 tra·

229 4090 298 4149 dita
320 4090 427 4150 lectio.

184 4192 234 4251 Fr.
262 4193 334 4265 159,
359 4193 389 4252 4.
422 4193 589 4253 Revocata
620 4194 690 4253 eod.
722 4196 758 4253 A.
795 4194 936 4254 lectione
967 4192 1045 4271 οὐχὶ,
1072 4194 1119 4254 ΒΙ.
1152 4209 1208 4268 pro
1233 4192 1427 4252 Hanoviano
1451 4191 1506 4251 κού

228 4294 413 4367 transponit
436 4293 586 4372 εἰσάγουσι
610 4295 728 4367 τίτθας,
751 4295 808 4355 sed
833 4294 1018 4368 elegantius
1043 4295 1140 4368 vulgo
1163 4295 1266 4363 τίτθας
1294 4295 1508 4368 separatura

229 4409 308 4454 voce
325 4394 495 4471 donadeum
525 4395 643 4456 Dubito
661 4399 776 4456 tamen
789 4411 829 4454 an
843 4393 880 4454 οὐ
894 4412 950 4470 pro
963 4394 1027 4472 σι’·χέ
1040 4396 1193 4457 sufficiat.
1209 4431 1248 4460 .—
1263 4396 1318 4455 Vs.
1332 4399 1351 4456 6
1365 4398 1508 4470 (propter

229 4496 453 4571 negationem,
486 4500 521 4556 ut
553 4497 702 4566 arbitror)
728 4498 812 4557 idem
838 4498 986 4570 postulat
1008 4496 1048 4573 μὰ
1072 4497 1144 4572 Δία,
1171 4498 1256 4571 quod
1279 4500 1406 4572 tamen,
1431 4498 1508 4570 quia

229 4604 384 4657 recusant
424 4599 566 4670 numeri,
611 4600 638 4656 si
682 4599 763 4658 bene
798 4603 964 4673 receptum
1000 4613 1051 4658 est
1085 4600 1188 4659 Grotii
1223 4598 1506 4672 supplementum,

228 4698 376 4772 suspicor
395 4715 412 4758 e
432 4700 581 4773 proximo
603 4714 699 4759 versu
720 4700 783 4759 huc
795 4700 967 4759 devenisse
980 4716 1036 4775 pro
1049 4701 1124 4776 δῆλα
1138 4698 1189 4776 δή,
1201 4699 1344 4759 similive
1356 4699 1506 4759 lectione.

230 4800 292 4860 Sed
319 4799 358 4860 ct.
381 4800 479 4859 Kocir.
507 4833 546 4842 -
571 4799 627 4859 Vs.
652 4800 682 4859 8.
715 4800 776 4860 Pro
804 4791 842 4859 αὖ
867 4801 915 4861 Bl.
940 4802 1037 4861 malit
1059 4792 1129 4874 οὖν,
1153 4802 1259 4875 possis
1282 4801 1381 4861 etiam
1408 4798 1456 4875 ὀὴ.
1478 4801 1507 4859 si

231 4900 306 4975 quid
335 4901 541 4961 mutandum.
568 4933 606 4943 -
633 4900 687 4960 Vs.
715 4901 766 4962 10.
792 4901 882 4961 idem
913 4904 1065 4976 proponit
1095 4899 1279 4981 καταλέγειν,
1309 4917 1391 4976 quae
1418 4903 1508 4961 notio
