3502 5512
848 400 890 460 33

252 602 294 646 ox
321 585 439 661 quibus
458 586 540 646 nihil
558 587 686 647 certum
708 585 836 645 videtur
853 587 984 660 praeter
1005 581 1068 660 ὁτιὴ
1085 579 1213 659 ’πιήλος
1233 584 1396 646 Debuerat
1407 585 1529 657 autem,

253 687 373 762 quain
396 704 431 749 re
454 703 530 748 cum
553 686 715 761 plerisque
739 687 828 746 illius
849 689 883 747 et
901 686 1098 761 quibusdam
1118 689 1250 747 nostrae
1270 688 1389 748 aetatis
1410 685 1532 747 criticis

252 789 370 864 ubique
399 789 561 864 peccavit,
592 803 725 848 servare
754 787 915 848 librorum
938 788 1138 863 scripturam
1162 786 1287 864 οὕνεκα,
1316 804 1400 862 quae
1423 788 1531 847 vetus·

251 891 393 951 tissimis
424 889 619 963 quibusdam
648 888 757 949 titulis
788 890 899 950 atticis
934 889 1128 950 defenditur.
1164 889 1289 964 Neque,
1326 889 1391 948 nisi
1426 886 1531 961 fallor,

253 988 345 1067 ἐστίν,
387 992 523 1052 verbum
559 992 734 1067 auxiliare,
775 992 873 1052 ordiri
914 993 1025 1066 potest
1066 992 1248 1065 senarium,
1293 993 1327 1051 et
1368 990 1535 1051 sententia

253 1093 441 1155 excluditur
464 1093 556 1166 ἔστιν,
579 1095 663 1169 quod
688 1094 721 1154 in
746 1109 785 1153 ea
806 1093 884 1153 sede
908 1109 944 1153 se
965 1091 1101 1152 haberet
1124 1092 1324 1165 rectissime,
1344 1092 1455 1164 itaque
1477 1094 1535 1149 aut

254 1191 327 1253 ἔστω
347 1195 546 1255 servandum
566 1195 673 1254 iuerat
688 1197 746 1254 aut
765 1194 940 1269 legendnm
965 1191 1053 1252 ἔσται.
1089 1192 1212 1253 Versus
1239 1195 1352 1252 antem
1381 1195 1534 1265 quartus,

255 1295 351 1356 modo
382 1295 422 1355 de
452 1298 525 1356 tota
554 1296 722 1357 sententia
752 1296 837 1356 satis
868 1297 1049 1370 constaret,
1082 1293 1154 1355 coll.
1187 1295 1244 1355 Od.
1269 1293 1364 1353 XXII
1388 1294 1441 1368 49,
1466 1308 1536 1368 pro·

255 1396 396 1456 babillus
419 1395 467 1456 sic
490 1394 706 1471 refingeretur

498 1493 562 1573 ὁτιὴ
585 1491 709 1568 ’πιόλας
738 1493 868 1575 (ἔργα)
896 1491 992 1574 χρήστ’
1019 1493 1192 1573 ἀπωλόμην.

254 1595 301 1657 Gi.
337 1597 505 1671 Aristoph.
548 1598 587 1658 ir.
625 1600 699 1659 552.
743 1599 996 1659 Immodulatior
1032 1615 1149 1659 versus
1185 1599 1270 1660 ioret
1304 1595 1328 1658 δ.
1363 1618 1394 1657 π.
1428 1595 1538 1676 χρηστὰ

253 1695 407 1775 λὲ<γειν>
437 1694 614 1776 ἀπωλόμην,
638 1715 721 1774 qnae
745 1700 842 1760 lectio
866 1701 1008 1761 traditae
1032 1701 1215 1776 scripturae
1238 1700 1375 1761 subesse
1398 1699 1537 1760 videtur.
1567 1721 1570 1726 ·

257 1798 347 1858 Ferri
378 1801 492 1873 posset
522 1798 633 1878 χρηστά
663 1800 772 1877 δρᾶν,
799 1801 885 1874 quod
908 1802 1062 1876 proponit
1085 1801 1134 1862 Bl.
1159 1802 1191 1861 in
1218 1801 1385 1862 Addendis
1407 1816 1438 1877 p.
1465 1801 1539 1861 296.

255 1898 411 1960 Ceterum
443 1898 624 1975 caliginosa
654 1904 751 1962 nocte
782 1901 1005 1963 obscuriorem
1028 1902 1112 1962 mihi
1136 1902 1222 1962 hunc
1246 1901 1354 1962 locum
1379 1917 1541 1962 essenon

257 2000 358 2076 pudet
381 2014 435 2060 me
459 2000 566 2062 fateri.

211 2102 262 2161 Fr.
288 2102 319 2176 3,
348 2102 376 2160 1.
402 2099 434 2160 τδ
459 2117 517 2176 pro
540 2123 572 2181 γε
596 2102 645 2162 Bl.
670 2102 726 2163 Vs.
751 2105 782 2163 4.

345 2193 402 2260 εἷθ’
426 2197 698 2282 ἡδυλογοῦσιν
722 2202 835 2263 ἅπασιν
859 2202 904 2264 ἀεὶ
927 2203 1001 2264 κατὰ
1025 2203 1079 2281 τὴν
1102 2202 1217 2284 ἀγοράν
1241 2204 1406 2281 περιόντες,

345 2301 394 2362 ἐπὶ
417 2308 492 2363 τοῖσι
515 2304 685 2383 βάθροις
710 2304 782 2365 ὅταν
807 2298 893 2385 ὦσιν,
917 2304 980 2366 ἐκεῖ
998 2306 1113 2377 τούτοις
1135 2298 1179 2377 οἷς
1202 2302 1471 2385 ἡδυλογοῦσιν

346 2405 474 2484 μεγάλας
498 2404 615 2485 ἀμυχὰς
638 2408 858 2484 καταμύξαντες
882 2406 938 2468 κτὲ.

302 2507 518 2569 Probabiliter
548 2509 639 2569 Kock
670 2506 717 2568 ἐπὶ
740 2513 802 2580 τοῖς
825 2509 1012 2585 κυάθοις,
1033 2509 1091 2569 sed
1115 2512 1288 2583 praeterea
1310 2508 1427 2569 malim
1451 2505 1537 2585 ἡδυ-

256 2608 446 2688 λόγηουυ,
489 2610 574 2684 quod
617 2611 713 2671 facile
747 2626 765 2671 e
800 2627 994 2687 praegresso
1028 2607 1232 2688 ἡδυλογοῦσιν
1266 2609 1373 2671 labem
1409 2612 1540 2672 trahere

257 2711 373 2785 potuit.
405 2710 532 2772 Durum
563 2713 651 2773 enim
683 2712 714 2771 h.
738 2710 759 2771 l.
793 2712 959 2787 explicare
996 2711 1214 2773 assentari
1245 2710 1356 2771 alies
1387 2712 1538 2774 solent.

256 2810 320 2870 Vix
350 2813 463 2872 autern
495 2812 650 2873 credibile
674 2815 725 2871 est
748 2812 796 2872 Bl.
823 2812 922 2872 verba
944 2813 1118 2886 sequentia
1140 2813 1322 2873 sanissima
1344 2813 1541 2875 sollicitasse

257 2911 345 2971 male
378 2927 459 2972 sana
489 2912 678 2973 coniectura
709 2935 737 2988 μ.
760 2912 884 2984 κύλικος
915 2913 1155 2991 συγκεράσαντες.
1187 2913 1266 2989 Quis
1289 2930 1354 2974 non
1377 2914 1541 2990 intellegit

257 3008 371 3090 ἀμυχάς
394 3013 558 3074 translato
586 3028 687 3074 sensu
711 3014 742 3074 h.
767 3014 788 3075 l.
813 3015 1040 3091 accipiendum
1064 3030 1137 3076 esse
1164 3015 1203 3075 de
1227 3015 1431 3090 vulneribus,
1457 3031 1539 3090 quae

256 3114 444 3175 adulatores
483 3116 538 3175 isti
568 3116 602 3175 in
634 3115 774 3190 privatis
805 3117 1015 3178 sermonibus
1045 3116 1140 3192 quasi
1174 3116 1350 3191 scalpendo
1386 3116 1539 3191 infligunt

256 3215 364 3275 famae
389 3215 551 3290 virorum,
577 3216 696 3290 quibus
719 3217 828 3292 paullo
853 3222 930 3279 ante
953 3217 1256 3293 suppalpabantur?

214 3316 265 3376 Fr.
291 3317 322 3389 9,
349 3317 376 3377 1.
402 3317 450 3376 Bl.
476 3318 530 3377 eft.
557 3317 611 3378 Ar.
637 3319 712 3379 Pac.
737 3320 819 3392 868;
845 3321 995 3380 Menand.
1020 3321 1095 3394 320,
1122 3322 1159 3392 b;
1183 3319 1258 3380 Eur.
1283 3320 1308 3379 1.
1334 3319 1369 3379 T.
1395 3320 1470 3380 467.

215 3416 266 3476 Fr.
293 3417 344 3477 10.
378 3417 449 3477 Non
481 3418 568 3478 male
600 3417 648 3478 Bl.
680 3416 793 3498 άγαμαι
823 3423 985 3480 Διονύσου·
1016 3418 1049 3479 τό
1081 3414 1159 3496 στόμ’
1191 3416 1231 3491 ὡς
1254 3415 1425 3479 σεσέλλισαι.
1451 3420 1539 3496 Quae

259 3518 405 3578 somniat
428 3518 467 3578 de
490 3519 529 3578 ir.
558 3520 595 3578 ll
621 3518 694 3594 lege
718 3521 803 3596 apud
828 3522 949 3598 ipsum.
1106 3601 1110 3609 Ι

215 3619 267 3679 Fr.
295 3620 344 3679 14.
378 3617 492 3694 ,<=t>
526 3619 679 3680 πτιστικδν
714 3622 833 3681 iniuria
867 3622 963 3682 malit
996 3622 1098 3682 Kock.
1134 3620 1233 3681 Plura
1267 3622 1357 3682 enim
1392 3623 1540 3683 carmina

162 3784 165 3789 ,
259 3717 394 3779 πτιστικά
417 3720 521 3781 fuisse
545 3722 706 3782 discimus
729 3737 771 3781 ex
794 3722 929 3797 Nicoph.
958 3724 1031 3784 17.”
1052 3721 1100 3782 Bl.
1126 3722 1221 3782 Add.
1246 3738 1276 3797 p.
1302 3723 1377 3784 296.

126 3840 132 3851 ·
216 3820 267 3880 ir.
294 3823 345 3896 15,
371 3820 401 3880 2.
470 3818 576 3882 ἑκατόν
600 3818 638 3880 ἂν
661 3830 714 3899 τῆς
738 3818 850 3899 ἡμέρας
874 3821 1031 3882 ἔκλαιεν
1055 3822 1141 3883 οἴνου
1165 3822 1350 3899 κανθάρους.

260 3921 464 3982 Felicissime
492 3922 584 3984 Kock
614 3921 780 3983 ἔδαπτεν
812 3925 928 3994 (multo
956 3924 1076 3986 melius
1099 3940 1199 3998 quam
1223 3925 1272 3985 Bl.
1297 3923 1398 3983 ἔπινεν
1421 3931 1480 3986 aut
1503 3922 1540 3983 διν

259 4055 390 4194 εἷλκενλὶ(
398 4064 469 4124 Nisi
492 4064 596 4141 fallor,
617 4066 737 4127 vitium
757 4072 874 4127 natum
895 4070 947 4128 est
966 4083 983 4128 e
1001 4068 1164 4142 scriptura
1176 4068 1312 4141 antiqua
1333 4013 1543 4127 ΕΙόΑΠΤΕΝ

259 4208 316 4268 aut
332 4208 551 4283 ΕΛΑΠΤΕΝ,
561 4223 626 4282 qua
637 4209 921 4282 coniungebantur
930 4211 1039 4270 variae
1052 4210 1212 4271 lectiones
1225 4207 1350 4269 ἔκοπτεν
1363 4213 1397 4271 et
1409 4207 1542 4285 ἔλυπτεν,

262 4322 402 4382 quarum
425 4308 569 4381 priorem
594 4309 684 4370 codd.
708 4309 832 4370 habent
855 4309 888 4370 in
907 4310 1063 4371 'l'imoclis
1081 4312 1120 4371 fr.
1141 4326 1191 4385 ap.
1213 4311 1332 4371 Athen.
1347 4311 1378 4370 X
1390 4326 1420 4385 p.
1434 4313 1497 4373 431
1513 4312 1541 4371 A

259 4404 300 4483 μά
322 4405 374 4466 τόν
399 4406 566 4483 Διόνυσον,
596 4403 632 4466 tv
656 4407 693 4468 σὺ
722 4408 884 4480 κάπτεις
907 4409 975 4470 ἴσον
997 4410 1066 4494 ἴσῳ,
1090 4412 1145 4472 ubi
1170 4417 1257 4474 recte
1281 4413 1372 4474 Kock
1396 4415 1542 4489 reposuit

259 4505 431 4584 λάπτεις,
455 4509 540 4583 quod
565 4508 674 4570 solum
699 4511 738 4571 de
761 4511 902 4572 bibendo
926 4513 1155 4588 usurpabatur.

216 4608 268 4668 Fr.
296 4610 345 4684 19,
375 4611 403 4669 1.
427 4613 600 4684 τηλικοῦτος
628 4607 731 4676 <όον>
758 4610 862 4687 γέρων.
887 4613 935 4673 Bl.

216 4709 268 4769 Fr.
293 4711 345 4785 20,
372 4711 402 4770 3.
428 4710 590 4771 Headlem
614 4715 802 4789 proposuit:

438 4813 474 4872 B.
500 4809 677 4888 ἀνωμάλους
702 4807 787 4886 εἶπας
809 4815 972 4891 πιθήκους·
1002 4814 1089 4877 (ἔστι
1113 4825 1240 4895 γοῦν)

495 4907 512 4972 ό
535 4908 589 4989 μέν
611 4934 644 4992 γε
667 4914 778 4991 δειλός,
801 4911 818 4975 ό
842 4912 874 4975 ol
896 4915 1001 4994 κόλαξ,
1024 4912 1040 4977 ὃ
1066 4912 1093 4977 δ’
1124 4909 1223 4982 (αὖ)
1251 4917 1361 4995 νόθος,

501 5006 548 5075 <ό
573 5008 606 5073 il
628 5010 742 5087 ξόνος>

1418 5124 1433 5165 a
