3502 5512
819 395 878 455 131

231 583 308 642 Sine
341 597 442 644 causa
475 598 541 644 non
575 583 710 644 servata
733 583 785 642 est
816 580 885 642 cod.
911 582 940 639 A
969 579 1132 641 Athenaei
1162 579 1260 640 lectio
1291 576 1376 637 αἰεί.
1407 578 1508 639 Recte

233 683 350 745 deinde
372 683 496 744 Naber:

1047 777 1153 861 τέχνην

501 884 645 963 καινὴν
667 884 817 965 πορίζεταί
838 905 874 944 τε
898 877 991 944 δεῖπν’
1016 880 1180 962 ἀσύμβολα.

132 1020 141 1033 κ
234 986 303 1063 Quo
332 990 430 1064 pacto
460 991 572 1048 autem
595 988 644 1050 Bl.
674 990 810 1063 accepta
831 987 893 1048 hec
916 985 1115 1047 correctione
1138 985 1223 1046 tueri
1246 987 1353 1060 possit
1373 1006 1420 1065 γε,
1440 987 1510 1063 ipse

236 1088 364 1149 viderit.
389 1088 481 1150 Idem
502 1093 585 1152 νε.4
605 1090 744 1151 coniecit
763 1085 779 1149 δ
803 1097 861 1148 τῶν
884 1086 1035 1168 μαγείρων
1058 1088 1170 1148 minus
1190 1091 1278 1149 recte
1296 1104 1396 1163 quam
1410 1089 1515 1150 Bothe

235 1193 330 1249 τοῖσιν
353 1189 514 1269 μαγείροις.

191 1292 243 1353 Fr.
267 1294 343 1368 261,
371 1294 399 1354 1.
434 1290 578 1371 ἠβούλετο
610 1294 690 1366 (scil.
727 1290 890 1373 γενέσθαι).
928 1293 1005 1353 Sine
1034 1307 1136 1353 causa
1166 1290 1380 1353 casaubonus
1403 1293 1515 1369 inepte

237 1389 387 1472 ἠπείγετο,
418 1397 451 1456 et
479 1396 661 1456 novissime
691 1396 740 1456 Bl.
772 1392 915 1474 ἐγίγνετο,
946 1393 1152 1468 ineleganter
1182 1395 1258 1468 post
1281 1391 1449 1472 γενόμενος.
1473 1427 1515 1436 -

237 1494 337 1557 Vs.8
370 1493 489 1579 ἐλᾴδιον
520 1497 580 1572 Bi,
614 1496 688 1558 coll.
720 1496 842 1557 cratin.
867 1497 898 1555 II
922 1496 975 1570 88,
1007 1498 1065 1555 aut
1092 1490 1174 1553 ἁλῶν
1197 1493 1313 1572 σκάφη,
1335 1496 1419 1569 quod
1443 1495 1514 1556 ridi·

238 1597 367 1670 culum;
392 1597 470 1658 illud
496 1599 757 1660 consideratione
780 1599 916 1674 dignum
941 1597 1082 1658 videtur.

194 1699 245 1758 Fr.
271 1699 345 1775 262,
372 1699 401 1759 2.
434 1699 482 1760 Bl.
515 1698 746 1778 διαλλαξᾶμενος
778 1702 836 1761 aut
864 1697 1116 1776 μεταλλαξᾶμενος
1147 1694 1243 1780 ᾔθεον
1274 1703 1361 1767 (cum
1385 1697 1516 1769 Cobeto)

238 1799 314 1876 βίον.
338 1800 445 1861 Teneo
468 1802 553 1875 quod
576 1801 730 1879 proposui
754 1799 999 1880 διαγραψιίμενος
1027 1798 1139 1859 <τὸν>
1165 1794 1241 1875 ἡδίω
1265 1798 1348 1877 βίον,
1370 1800 1440 1861 scil.
1465 1799 1517 1861 τόν

237 1897 364 1980 ἄγαμον.
388 1902 587 1964 Rectissime
607 1904 699 1965 Kook
720 1903 941 1979 impugnavit,
962 1917 1062 1977 quam
1082 1900 1170 1965 male
1189 1916 1278 1962 nuno
1295 1902 1344 1962 Bl.
1358 1902 1517 1979 defendit,

238 2003 404 2065 infelicem
429 2003 541 2065 (lebeti
565 2006 804 2081 coniecturam,
836 2004 894 2065 sed
923 2002 1183 2064 immodulatum
1206 2004 1277 2078 ipae
1300 2006 1334 2064 et
1356 2003 1518 2079 inelegan-

240 2107 308 2164 tem
339 2118 473 2166 versum
504 2106 655 2180 procudit
684 2109 805 2184 γαμεῖν,
827 2100 985 2176 διαπλέξας
1008 2099 1047 2161 διν
1070 2101 1161 2180 μόνος
1188 2098 1264 2180 ἡδίω
1288 2104 1376 2181 βίον..
1398 2104 1445 2164 De
1468 2120 1516 2165 vs.

241 2207 260 2265 3
284 2221 333 2280 sq.
357 2211 488 2283 κρεῖττον
513 2241 553 2251 -
578 2210 690 2285 μᾶλλον
713 2204 733 2286 ἢ
757 2208 806 2268 131.
831 2207 887 2268 cst.
912 2207 968 2267 Ar.
992 2205 1075 2265 Nub.
1103 2206 1199 2267 1215.

198 2308 248 2367 Fr.
274 2309 348 2384 263,
374 2309 403 2369 2.
428 2307 510 2370 Nub.
535 2309 600 2369 964
625 2309 681 2370 cit.
706 2309 754 2370 Bl.
777 2307 886 2369 -Vs
911 2309 942 2368 4.
967 2304 1070 2383 μηδείς
1097 2301 1229 2369 <nobb
1256 2306 1344 2367 idem
1367 2308 1400 2366 et
1423 2321 1472 2367 vs.
1498 2309 1517 2366 b

241 2424 299 2484 pro
340 2409 444 2486 λαβεῖν
485 2413 610 2486 μαθεῖν,
654 2410 741 2485 quod
790 2425 856 2471 non
902 2407 1068 2483 intellego.
1111 2407 1236 2468 Dobree
1277 2404 1364 2492 ίτίρρι
1406 2406 1519 2483 procul

241 2509 339 2570 dubio
369 2513 469 2572 recte.

199 2612 250 2671 Fr.
276 2611 351 2688 264,
378 2612 408 2672 5.
499 2608 519 2690 ἢ
542 2610 792 2673 πλουσιακὸν
814 2610 936 2696 τούτῳ
959 2609 1136 2690 προσπίπτει
1159 2608 1262 2670 κακόν.

243 2711 477 2787 corrigendum
500 2713 645 2774 videtur:

486 2807 857 2891 l'vaovcracvrndv
880 2836 914 2873 τι
937 2811 1115 2892 προσπίπτει
1138 2812 1240 2874 κακόν.

243 2917 314 2992 aut,
339 2915 367 2975 si
391 2929 571 2990 pronomen
595 2915 820 2976 necessarium
843 2916 1008 2977 videatur:

489 3011 774 3094 δ’νθουσιασιικὸν
796 3011 957 3096 προσέπεσ’
982 3014 1063 3098 αὐτῷ
1087 3014 1189 3076 κακόν.

244 3120 315 3178 aut
338 3117 575 3178 fanaticum
594 3133 685 3178 eum
708 3119 873 3179 invasit
892 3117 1055 3179 malum.
1076 3117 1122 3177 De
1135 3118 1367 3179 semivirorum
1381 3117 1521 3192 Cybelae

243 3218 334 3279 cultu
352 3219 489 3294 cogitari
509 3220 639 3295 poterit.
663 3221 697 3280 Is
722 3221 779 3295 qui
802 3223 910 3282 totum
927 3233 1045 3296 corpus
1063 3234 1162 3279 suum
1182 3220 1307 3295 expilat
1326 3223 1360 3280 et
1378 3219 1523 3295 laevigat

244 3323 303 3381 aut
321 3323 511 3382 scortum
530 3324 583 3382 est
602 3324 660 3382 aut
680 3322 907 3396 fanaticus3
930 3323 1008 3397 quin
1024 3322 1112 3382 enim
1126 3337 1174 3380 vs.
1188 3322 1208 3381 3
1221 3324 1310 3382 recte
1322 3322 1521 3383 correxerim

244 3417 309 3498 ἤτοι
339 3419 395 3501 γὰρ
424 3418 565 3501 ἑταιρεῖν,
593 3423 832 3497 („desideratur
863 3423 929 3486 tale
960 3422 1059 3495 quid''
1083 3421 1187 3499 Kock)
1219 3425 1253 3482 et
1280 3422 1359 3483 ferri
1382 3425 1523 3498 nequeat

244 3521 381 3596 probata
407 3538 427 3583 a
449 3523 623 3597 Blaydesio
647 3523 786 3584 Iacobsii
810 3523 999 3584 coniectura
1022 3518 1042 3600 ἢ
1066 3522 1283 3600 μαστροπείαν
1313 3525 1401 3598 (quid
1432 3524 1521 3585 enim

245 3638 366 3697 quaeso
397 3623 541 3684 lenoni
572 3640 647 3685 curn
671 3623 790 3685 barbae
818 3625 1022 3700 pilorumque
1053 3623 1237 3693 absentiat)
1261 3625 1421 3699 temporis
1444 3641 1521 3699 pun·

246 3726 336 3785 ctum
367 3739 431 3785 non
462 3725 584 3786 dubito.
609 3758 651 3768 -
676 3726 731 3787 Vs.
757 3729 787 3788 5.
819 3723 1024 3805 ἀντιπράττειν
1054 3730 1088 3785 et
1118 3740 1194 3785 cum
1220 3725 1368 3786 Iacobsio
1392 3722 1523 3785 ἐπινοεῖν

244 3828 334 3887 recte
356 3825 417 3902 Bl,
442 3827 496 3900 qui
519 3826 630 3887 minus
653 3826 865 3903 probabiliter
888 3827 979 3887 addit
1002 3822 1106 3884 ἀντίον
1129 3824 1267 3903 πράττειν
1291 3830 1378 3898 νοεῖς.

202 3927 253 3988 Fr.
284 3928 358 4004 265,
383 3931 413 3987 4.
445 3924 527 3999 ἀξιοῖ
554 3943 612 4003 pro
644 3926 739 3988 οίεται
763 3943 894 3989 mecum
917 3927 984 4000 Bl.;
1009 3927 1039 3987 si
1062 3924 1154 3986 οἴεται
1178 3942 1298 3989 sanum
1322 3930 1388 4004 est,
1413 3942 1522 3988 neees-

246 4029 333 4089 sario
363 4029 548 4090 addendum
575 4032 626 4091 est
649 4029 726 4107 δεῖν,
748 4030 832 4105 quod
855 4030 888 4089 in
913 4030 1018 4090 altera
1041 4044 1118 4090 mea
1140 4029 1331 4089 coniectura
1358 4029 1435 4089 feeit
1454 4042 1524 4103 pro·

246 4144 371 4204 ponens
394 4129 456 4188 δεῖν
480 4120 522 4188 ὧν
545 4145 603 4206 pro
626 4120 669 4189 ὧν
692 4126 756 4208 μὲν,
778 4130 835 4191 sed
859 4129 1058 4205 particulam
1080 4125 1135 4204 μέν
1158 4128 1269 4204 potius
1294 4131 1466 4190 servarim.
1482 4163 1523 4173 -

248 4229 304 4291 Vs.
329 4232 359 4291 7.
384 4220 423 4290 αδ
447 4229 552 4310 καιρόν
575 4253 641 4290 τινα
665 4235 790 4293 temere
814 4231 863 4292 Bl.
921 4278 925 4285 .

204 4331 256 4391 llr.
281 4332 356 4392 266.
980 4329 1021 4409 μὴ
1046 4330 1140 4411 ὥρασι
1163 4326 1217 4409 μὲν

437 4429 479 4490 τδι
502 4440 575 4492 τῶν
598 4441 729 4493 κακῶν
753 4427 842 4492 ἵκοιθ’
870 4429 886 4492 δ
911 4431 980 4504 τοὺς
1003 4431 1138 4512 θερμοὺς
1162 4430 1279 4511 φαγών.

250 4531 332 4608 Quia
365 4529 406 4608 μὴ
440 4531 533 4612 ὥρασι
558 4567 598 4578 -
621 4533 715 4594 ῖκοιτο
735 4557 777 4584 =
798 4530 952 4610 ἀπόλοιτο,
986 4537 1062 4609 apte
1098 4533 1279 4595 correxeris
1314 4536 1373 4594 aut
1406 4533 1526 4605 κακὸς

249 4641 375 4706 κακῶς
405 4637 463 4695 aut
493 4633 630 4708 αὐτοῖς
660 4641 816 4713 κακοῖς,
853 4635 925 4696 coll.
959 4636 1014 4717 Ar.
1039 4634 1195 4709 Equitum
1225 4634 1331 4695 initio,
1358 4668 1398 4679 —
1423 4633 1524 4695 Vs?

248 4736 393 4812 pessime
422 4739 531 4798 tentat
561 4738 621 4814 BL,
646 4738 703 4797 sed
736 4753 783 4798 rs.
809 4737 828 4796 8
856 4737 998 4797 fortasse
1022 4739 1111 4797 recte
1135 4737 1305 4811 proposuit
1328 4733 1446 4812 εὐτελής
1469 4751 1526 4811 pro

249 4835 381 4917 εὐχερής,
403 4839 488 4912 quod
512 4839 590 4900 ferri
615 4839 740 4912 nequit.

206 4938 258 4999 llr.
283 4937 357 5016 288,
383 4939 412 5000 8.
447 4939 567 5019 μεγίστη
596 4939 785 5016 postulatur
815 4938 996 5015 sententia,
1029 4939 1138 5014 agitur
1166 4939 1255 5001 enlm
1279 4937 1318 4999 de
1343 4938 1528 4999 insularum
