3502 5512
850 378 910 437 141

264 575 321 621 cur
343 566 489 637 praestet
507 578 572 625 non
591 565 696 629 video.
726 602 761 611 -
785 567 840 628 Vs.
862 568 892 629 ὅ.
914 567 1006 628 Idem
1026 565 1131 646 στέρνα
1153 563 1175 628 τ’
1201 563 1404 647 ἠμφιεσμένας
1428 573 1541 630 contra

263 658 475 727 sententiam.
490 699 530 708 -
543 665 598 727 Vs.
617 668 667 730 10.
688 668 896 730 Revocabam
917 666 957 745 μὴ
969 663 1083 744 κλίμακ’
1098 669 1312 748 αἰτησάμενον,
1335 671 1355 732 i.
1376 687 1403 732 e.
1423 671 1541 733 scala

264 767 409 826 mutua
430 770 609 843 sumpta.
640 769 778 832 Peccare
800 769 951 831 Meinekii
978 771 1202 833 coniecturam
1233 774 1347 833 contra
1380 771 1541 848 Hilbergii

261 862 343 941 (Das
376 866 505 942 Prinoip
540 869 597 930 der
631 871 905 947 sylbanwagung)
940 871 1047 947 legem
1078 872 1316 934 animadvertit
1346 873 1468 935 Nauck.
1498 908 1538 918 —

263 967 319 1029 Vs.
358 970 407 1030 11.
450 964 558 1029 ελσδδά
603 969 645 1042 εἰς
686 969 792 1051 στέγην
834 974 917 1034 citra
959 973 1193 1036 necessitatem
1232 973 1280 1034 Β1.
1317 1007 1357 1017 -
1393 974 1449 1035 Vs.
1488 977 1539 1038 13.

262 1069 434 1132 Eustathio
456 1072 539 1133 bene
561 1073 648 1134 idern
671 1074 818 1135 restituit
840 1070 1037 1149 εἰσέλνοασαι,
1056 1077 1090 1135 et
1112 1072 1261 1153 ἐρωμένου
1285 1078 1343 1135 aut
1364 1072 1477 1153 ἐρώσης
1507 1080 1541 1138 et

262 1186 311 1232 vs.
339 1173 378 1234 15
405 1172 445 1234 de
466 1173 606 1252 πατρίδια
630 1175 685 1236 cit.
709 1176 921 1252 Theophili,
947 1178 983 1249 3;
1009 1176 1065 1238 Ar.
1089 1176 1186 1252 Vesp.
1211 1179 1276 1239 968
1300 1180 1334 1238 et
1363 1178 1403 1239 sd
1427 1194 1475 1240 vs.
1499 1182 1538 1241 17

263 1273 400 1336 Philam.
425 1276 456 1353 4,
483 1278 534 1339 15.
562 1277 645 1339 Cum
675 1279 790 1340 eodem
819 1279 903 1340 facio
933 1278 1129 1354 praeferenti
1159 1279 1310 1340 Meinekii
1339 1280 1538 1341 sententiam

262 1375 378 1436 Kochii
408 1379 630 1440 emendationi
661 1376 777 1456 ψωλὴν,
808 1396 882 1441 curn
906 1380 1101 1456 praesertim
1125 1379 1243 1440 δεδιότα
1267 1381 1367 1441 etiam
1391 1383 1539 1456 transpo-

262 1477 365 1539 situm
388 1480 486 1540 metri
510 1496 611 1542 causa
633 1495 653 1541 a
675 1481 840 1544 Dindorho
863 1482 1001 1556 turpiter
1024 1481 1176 1544 abundet.

217 1577 269 1640 Er.
295 1580 324 1654 i,
350 1581 381 1640 4.
405 1580 541 1643 Temere
565 1583 613 1644 Β1.
641 1582 906 1661 θυμοσοφώτερον.
931 1616 970 1627 -
996 1583 1052 1643 Vs.
1080 1584 1119 1643 14
1151 1579 1265 1654 εὐθέως
1295 1579 1369 1661 ἄρας
1399 1584 1539 1644 fortasse

261 1667 349 1741 recte
372 1682 473 1758 idem,
498 1687 532 1744 et
555 1699 604 1745 vs.
633 1684 670 1744 17
696 1684 853 1749 cumillo
875 1685 1015 1759 legerim
1038 1685 1148 1760 potius
1171 1677 1256 1756 εἶπας
1280 1699 1379 1759 quarn
1403 1676 1489 1755 ελπες.

217 1781 269 1842 Fr.
294 1783 324 1858 8,
352 1784 380 1843 l.
404 1783 580 1861 Headlam,
605 1784 678 1847 coll.
702 1785 777 1845 Eur.
801 1785 848 1847 El.
873 1787 949 1861 336,
974 1783 1125 1863 <οιλσχρὸν
1148 1783 1234 1864 perp>
1258 1783 1349 1856 εἴτις
1373 1782 1416 1845 ὢν
1439 1782 1538 1857 ἁλιεὺς

261 1881 373 1959 σοφίαν
404 1881 509 1964 άνιρος,
539 1885 661 1947 meiius
691 1901 790 1960 quam
820 1886 869 1947 Β1.
897 1885 1028 1947 <δεινὸν
1051 1884 1134 1965 γάρ)
1163 1886 1190 1946 ελ
1219 1882 1273 1963 μὲν
1305 1882 1348 1946 dv
1370 1884 1437 1960 ιιτὲ,
1459 1902 1536 1947 nam

261 1987 447 2058 pronomini
466 1984 635 2047 indefinito
654 1987 745 2047 locus
765 1989 829 2064 est,
853 2003 918 2048 non
942 1990 994 2049 est
1016 1987 1195 2062 particulae
1218 1983 1273 2063 μὲν
1297 1981 1347 2057 (ef.
1368 2003 1417 2048 vs,
1440 1989 1480 2057 2).
1496 2021 1536 2030 -

261 2084 318 2147 Vs.
343 2089 362 2148 5
386 2088 546 2149 inutiliter
568 2088 616 2149 Β1.
645 2090 737 2152 <Β.>
765 2087 857 2149 ιιαλόν
879 2083 902 2168 μ’
928 2085 967 2149 dv
991 2088 1036 2165 εἴη
1063 2088 1213 2168 <πρᾶμμά
1237 2104 1325 2149 σοι).

216 2281 407 2368 Τλιδσμλιλλλ
429 2289 469 2350 fr.
497 2291 525 2364 1,
551 2290 581 2350 3.
616 2289 678 2350 Pro
705 2281 786 2349 ελδον
814 2289 973 2350 Richards
1003 2287 1088 2372 ᾔδειν
1112 2288 1164 2348 vel
1186 2285 1261 2371 ᾔδη,
1284 2303 1341 2361 pro
1378 2302 1442 2360 quo
1465 2302 1535 2348 sen·

260 2381 368 2451 tentia
397 2389 579 2464 postularet
609 2383 685 2450 οἶδα.
715 2390 952 2466 corrigendum
982 2390 1123 2452 arbitror
1145 2387 1254 2469 ἔγνον,
1284 2390 1475 2464 cognovi,
1501 2393 1538 2450 ut

259 2485 377 2566 ἔμαθον
397 2493 431 2552 et
450 2487 589 2568 ἐμνήδην
609 2491 762 2567 leguntur
781 2493 814 2553 in
834 2492 1057 2567 sequentibus.
1072 2525 1111 2536 —
1126 2491 1181 2551 Vs.
1198 2493 1225 2550 1.
1245 2490 1391 2550 Meineke
1410 2492 1536 2566 postea.

260 2592 380 2653 melius
403 2594 540 2655 coniecit
564 2591 639 2667 δρᾶν
662 2591 865 2671 doctricem

216 2691 268 2753 Fr.
295 2696 325 2755 5.
350 2693 397 2755 cf.
421 2694 547 2769 Nauck,
573 2694 644 2755 hiel.
669 2694 714 2754 VI
739 2696 812 2755 101.

215 2792 266 2853 Fr.
292 2796 322 2854 6.
347 2794 474 2856 Mecum
499 2795 547 2856 Β1.
571 2804 611 2878 τῷ
633 2811 691 2871 pro
714 2792 772 2873 ἐνλ,
795 2796 868 2857 ooll.
892 2795 1092 2871 Theognidis
1115 2795 1195 2856 loce.

214 2893 265 2954 Fr.
291 2896 321 2956 7.
346 2894 512 2957 Violenter
534 2896 583 2957 Β1.
604 2893 863 2975 στρεβλονμλνονς.
885 2897 1081 2972 Suspectum
1101 2899 1213 2956 tamen
1227 2890 1429 2970 καθημένους.
1449 2892 1534 2953 Num

257 2996 341 3058 forte
366 2994 596 3074 κατακειμένους
604 3001 628 3059 f.
659 2999 780 3061 Totum
811 3014 890 3061 vero
920 3001 1145 3075 fragmentum
1168 2996 1250 3058 mihi
1273 2996 1449 3056 obscurum
1472 2997 1534 3056 est.

256 3098 427 3160 Athenaeo
460 3099 509 3160 Β1.
541 3098 623 3160 bene
646 3101 781 3161 reddere
806 3101 934 3162 videtur
957 3110 992 3185 τῇ
1019 3098 1160 3178 μαγάδιδι
1191 3097 1331 3174 ψάλλειν,
1361 3097 1427 3159 nisi
1451 3097 1535 3157 forte

257 3203 404 3275 praestat
426 3209 462 3283 τῇ
484 3199 691 3279 μαμολδκδι>
719 3200 905 3277 διαψάλλειν.

211 3300 262 3361 Fr.
287 3302 317 3362 9.
342 3295 376 3360 ἔτ’
403 3316 460 3377 pro
483 3294 530 3361 εἶτ’
556 3302 609 3364 hic
633 3304 667 3363 et
688 3303 809 3378 Diphili
833 3304 872 3364 fr.
897 3304 937 3364 57
963 3302 1029 3373 (ubi
1053 3301 1108 3362 eft.
1133 3301 1229 3374 Vesp.
1255 3299 1534 3373 restauratore

256 3398 310 3478 μέν
344 3402 393 3464 Β1.
424 3402 508 3464 illud
542 3404 744 3478 speciosum,
775 3404 832 3464 sed
863 3404 902 3465 de
932 3404 1044 3478 paucis
1074 3402 1183 3463 verbis
1214 3400 1296 3460 nihil
1327 3401 1407 3460 certi
1430 3399 1534 3459 statui

257 3505 376 3578 potest.
392 3537 432 3548 -
445 3505 483 3564 in
502 3504 541 3564 fr.
562 3505 646 3580 10‚2
666 3506 755 3564 recte
775 3505 976 3566 comicorum
995 3519 1088 3565 more
1107 3506 1191 3561 πλεῖν
1203 3501 1340 3575 requirit
1358 3497 1534 3575 protritos.

215 3603 266 3663 F'r.
295 3606 345 3665 ll.
525 3612 578 3663 τοῦ
602 3603 643 3681 μή
666 3598 727 3663 ποτ’
755 3602 848 3665 αὐτὸν
873 3602 1009 3681 ἐμπεσεῖν
1033 3603 1075 3674 εἰς
1098 3602 1201 3661 Λαΐδα

526 3704 693 3784 φερόμενον
715 3702 734 3784 ἢ
758 3700 919 3784 Μηκωνίδ’
946 3703 966 3784 ἢ
989 3703 1179 3782 Σισύμβριον

523 3805 543 3886 ἢ
567 3807 731 3886 Βάραθρον
753 3803 773 3885 ἢ
800 3807 988 3883 Θάλλουσαν,
1010 3803 1030 3884 ἢ
1053 3809 1167 3867 τούτων
1188 3800 1255 3862 τινὰ

525 3899 575 3968 ὧν
599 3905 841 3985 ἐμπλέκουσι
865 3912 948 3980 τοῖς
971 3905 1100 3978 λίνοις
1122 3903 1153 3965 οἱ
1173 3900 1356 3981 μαστροποὶ,

524 4006 544 4087 ἢ
569 4008 746 4087 Ναννάριον
769 4007 789 4088 ἢ
813 4007 999 4085 Μαλθάκην.

257 4110 489 4171 Infelicissime
512 4113 562 4171 est
587 4125 641 4171 me
659 4110 764 4171 iudice
784 4110 901 4191 Kockii
924 4109 1112 4171 coniectura
1131 4097 1173 4166 ὧν
1193 4103 1341 4182 ἐμπολῶσι
1361 4107 1421 4174 τοῖς
1442 4100 1534 4179 νέοις,

257 4226 336 4272 nam
359 4210 482 4272 tradita
500 4209 597 4271 lectio
617 4213 687 4271 tam
707 4213 835 4286 egregie
856 4215 932 4287 apta
953 4212 1005 4270 est
1024 4207 1266 4287 ταῐςπαμίσιτοῦ
1279 4205 1363 4285 βίον,
1382 4203 1532 4277 quemad·

257 4313 393 4375 modum
417 4311 557 4386 Amphis
580 4312 618 4373 fr.
644 4313 696 4388 23,
722 4313 742 4372 4
766 4313 818 4382 (cf.
843 4311 1010 4372 Menandri
1033 4311 1071 4370 fr.
1097 4309 1171 4383 689,
1197 4309 1227 4378 2)
1252 4306 1404 4367 hetaeras
1428 4303 1532 4379 appel·

256 4412 351 4490 lavit,
371 4416 409 4473 ut
428 4408 604 4489 ἐμπλέκουσι
623 4412 841 4487 depravatum
861 4426 934 4473 esse
950 4410 990 4471 ab
1003 4411 1093 4470 omni
1106 4409 1280 4470 abhorreat
1291 4405 1531 4483 probabilitate,

257 4529 331 4575 cum
362 4513 557 4590 praesertim
587 4528 669 4573 usus
697 4512 787 4574 verbi
815 4510 950 4587 ἐμπεσεῖν
974 4527 1023 4573 vs.
1052 4513 1066 4570 1
1093 4511 1160 4570 iarn
1183 4508 1308 4569 alludat
1331 4507 1372 4567 ad
1395 4505 1531 4567 eandem

255 4615 445 4690 imaginem.
476 4614 568 4674 Idem
599 4614 693 4675 video
723 4616 866 4675 sensisse
897 4614 958 4690 Β1.,
993 4614 1087 4673 cuius
1120 4610 1240 4670 saltem
1270 4609 1457 4668 coniectura
1486 4597 1532 4675 αλς

256 4713 432 4795 ἐμπλέκουσι
454 4715 525 4786 τοὺς
544 4711 645 4792 νέους,
664 4715 799 4776 licetne
821 4716 894 4790 ipsa
913 4715 1045 4790 quidem
1064 4713 1142 4773 ferri
1164 4710 1283 4785 possit,
1307 4707 1531 4769 necessarium

260 4818 393 4879 verbum
416 4818 538 4878 servat.
563 4815 625 4877 Sed
649 4814 740 4876 nulla
763 4817 897 4878 omnino
921 4831 1003 4892 opus
1026 4817 1078 4876 est
1101 4811 1297 4886 mutatione,
1322 4809 1419 4870 modo
1439 4806 1531 4868 intel·

255 4920 405 4995 legamus
434 4919 620 4994 fragmento
651 4917 880 4993 neglegentius
903 4920 1072 4993 excerpto,
1101 4914 1185 4989 quod
1209 4913 1282 4987 ipsa
1304 4912 1411 4986 prima
1433 4908 1533 4970 verba
