3502 5512
827 373 888 432 123

238 550 393 612 similiter
427 569 476 614 vs.
508 555 538 615 8.
568 553 643 627 Ipse
674 552 776 614 lector
803 555 915 614 videat
943 552 1014 614 eius
1045 552 1235 611 commenta
1265 547 1304 608 ad
1328 544 1512 619 sequentia,

239 653 324 713 unde
356 668 420 713 non
452 655 587 716 afferam
619 655 681 715 nisi
714 670 797 729 quae
827 656 971 730 aliquam
1004 655 1092 713 certe
1122 652 1264 726 speciem
1289 648 1424 722 habent,
1456 647 1514 705 aut

239 756 455 828 cognoscendi
480 756 668 816 utilitatem.

194 853 246 914 Fr.
272 854 323 930 78,
349 856 368 914 4
392 855 515 917 suflicit
537 858 716 932 Hirscbigii
739 859 927 919 coniectura
949 856 998 916 δεῖ
1016 850 1058 915 δ’.

195 954 246 1015 Fr.
271 956 323 1016 82.
349 956 472 1018 Iniuria
495 959 547 1020 bic
569 960 604 1020 et
627 958 705 1019 alibi
728 959 819 1020 Kock
841 960 1000 1019 traditum
1018 970 1086 1016 τινεῑ
1109 958 1218 1016 mutat
1241 955 1274 1014 in
1297 956 1384 1012 ποιεῖ.
1406 947 1514 1009 -01,

240 1056 322 1117 bien.
347 1073 435 1120 mon.
461 1060 525 1120 724
550 1064 584 1122 et
606 1060 681 1122 Eur.
705 1062 744 1123 ir.
768 1064 833 1123 576
858 1056 954 1123 Nclr.²

196 1157 247 1218 Fr.
272 1158 325 1234 84,
351 1160 380 1219 2.
408 1161 560 1234 θενθίὸας
586 1196 626 1232 -τ
650 1163 692 1232 (ὅ)
724 1159 910 1224 ὠνθύλευσα.
953 1163 1001 1224 Bl.
1038 1163 1094 1222 est.
1130 1160 1239 1221 Sotad.
1275 1160 1299 1235 I,
1339 1159 1377 1217 15
1413 1150 1515 1224 τευθὶς

240 1254 465 1339 ὠνθυλευμένη.

196 1360 246 1420 Fr.
272 1361 324 1437 85,
349 1364 369 1421 4
393 1378 441 1437 sq.
466 1362 501 1424 Ο.
515 1362 650 1424 Crusius
674 1365 729 1426 cit.
754 1364 1007 1441 epicharmeum
1032 1363 1108 1424 αὕτα
1128 1362 1218 1438 φύσις
1237 1359 1411 1438 ἀνθρώπων
1430 1351 1517 1415 ἀστοὶ

238 1461 459 1540 περυσαμὲνοι,
483 1465 610 1527 Timon.
634 1466 758 1542 sillogr.
783 1463 1005 1545 ἅνθρωποι-
1029 1473 1118 1543 κενῆς
1141 1463 1255 1541 οἰήσιος
1278 1460 1397 1540 ἔμπλεοι
1421 1456 1518 1535 ἀσκοί,

240 1563 415 1626 Petronius
438 1567 480 1626 42
505 1568 591 1628 utri
615 1568 764 1628 inflati
788 1568 1063 1629 ambulamus.
1082 1600 1117 1608 -
1141 1567 1211 1626 Vid.
1237 1565 1317 1625 Poll.
1341 1563 1372 1623 X
1398 1562 1471 1623 187.

196 1664 248 1724 Fr.
273 1665 326 1726 89.
350 1665 523 1729 Manifesta
545 1671 803 1745 paratragoedia.

197 1765 248 1825 Fr.
274 1766 326 1842 94,
351 1769 381 1828 5.
405 1768 521 1830 Procul
545 1770 642 1831 dubio
665 1771 851 1846 recipienda
873 1773 1009 1833 evidens
1032 1770 1171 1832 Dobraei
1196 1769 1363 1831 correctio.
1387 1766 1520 1827 Tradita

239 1865 337 1927 lectio
361 1873 514 1945 corrupta
538 1874 589 1933 est
612 1874 806 1948 repetitione
830 1873 922 1934 verbi
945 1890 1019 1949 φασι
1039 1875 1092 1944 (4).

197 1968 248 2029 Fr.
273 1968 325 2030 97.
354 1970 381 2030 1.
406 1970 491 2032 Vera
514 1973 630 2035 Kockii
654 1974 841 2036 observatio
865 1976 975 2050 potius
999 1976 1178 2036 vorandi
1205 1972 1373 2034 notionem
1398 1967 1519 2042 requiri

239 2085 338 2143 quam
374 2068 537 2151 ἐγχεῖσθαι,
571 2075 655 2149 quod
687 2092 744 2150 pro
778 2072 933 2155 ὀρχεῖσθαι
967 2077 1186 2152 conieceram,
1222 2075 1301 2136 iecit
1335 2075 1370 2132 ut
1404 2073 1520 2147 postea

242 2168 412 2249 έμιτλῆοθαι
436 2190 667 2252 proponerem,
692 2179 777 2251 quod
801 2178 908 2253 placet
930 2178 1118 2252 Blaydesio,
1149 2178 1203 2252 qui
1226 2179 1339 2236 tamen
1362 2175 1432 2248 ipse
1454 2171 1519 2230 vio·

241 2272 347 2335 lenter
377 2272 491 2335 ἐσθίειν
521 2280 579 2338 aut
609 2275 764 2356 ἐγιιέιττειν
799 2294 997 2355 proponens,
1030 2281 1162 2339 mutata
1191 2276 1300 2338 subito
1334 2271 1519 2348 sententia,

241 2375 480 2438 inconsiderate
503 2382 616 2439 tuetur
640 2379 809 2455 vulgatam
832 2380 913 2441 locis
936 2380 1017 2440 nibil
1041 2379 1256 2455 probantibus
1279 2377 1318 2437 ir.
1343 2376 1418 2450 222,
1443 2375 1462 2433 3
1488 2373 1521 2434 et

243 2475 383 2550 Epicrat.
407 2478 454 2537 III
478 2480 553 2540 865.
580 2514 619 2523 -
645 2476 812 2560 ὀγκοῦσθαι
836 2481 952 2542 infelix
975 2483 1027 2542 est
1050 2480 1166 2541 Kockii
1189 2478 1342 2554 suspicio.

200 2577 252 2638 Fr.
277 2579 330 2655 98,
355 2580 387 2641 4.
422 2580 469 2641 De
503 2581 565 2642 boc
595 2597 657 2642 usu
688 2582 779 2642 verbi
809 2579 1033 2662 ἀναλαμβάνειν
1064 2581 1112 2642 Bl.
1143 2582 1198 2642 cit.
1225 2581 1369 2641 Demetr.
1401 2576 1521 2637 [1876

238 2675 340 2758 Ἄρεος
373 2675 399 2739 δ’
433 2679 594 2761 ἀναλαβὼν
629 2680 757 2755 ἐξένισεν
785 2679 864 2761 ἡμᾶς
896 2686 929 2746 et
959 2684 1079 2745 Athen.
1112 2682 1189 2742 VIII
1218 2683 1283 2743 492
1303 2681 1340 2741 D.
1369 2673 1521 2756 Ἰσοκράτη

245 2778 407 2861 ἀναλαβεῖν
426 2784 584 2864 Λαγίσκαν
604 2783 645 2857 εἰς
661 2782 835 2861 τὴνοίκίαν.
850 2820 890 2829 -
904 2785 960 2846 Vs.
984 2787 1034 2846 11.
1053 2785 1283 2845 Necessarium
1303 2781 1408 2842 videri
1426 2777 1523 2856 αὑτήν

244 2898 302 2958 pro
325 2883 422 2962 αὐτήν
441 2886 519 2946 alibi
537 2887 661 2947 monui.
687 2920 723 2930 -
749 2886 801 2947 Vs.
826 2888 875 2948 15.
896 2881 1033 2947 rodnrro'
1064 2900 1121 2962 pro
1148 2885 1264 2956 τούτοις
1284 2888 1374 2945 certa
1393 2881 1524 2941 videtur

244 2985 387 3061 Emperii
413 2987 614 3062 emendatio,
640 2988 851 3062 probabiliter
872 2989 1035 3049 tentantis
1058 2991 1364 3064 apertissimarum
1385 3016 1424 3027 -
1446 2979 1524 3059 αἰτή-

244 3108 343 3166 γαγεν.
378 3087 424 3149 (li.
456 3090 559 3150 etiam
589 3089 639 3150 Bl.
670 3106 700 3166 p.
728 3092 800 3166 157,
826 3091 919 3151 cuius
944 3090 1129 3151 tentamina
1152 3088 1235 3150 mihi
1266 3084 1455 3160 displicent,
1487 3083 1525 3142 ut

245 3189 368 3250 dudum
392 3190 496 3251 abieci
518 3207 601 3265 quae
623 3193 693 3266 ipse
716 3190 795 3251 olim
815 3192 958 3265 pessime
977 3193 1106 3252 tentavi
1129 3191 1249 3250 vitioso
1269 3190 1303 3249 et
1321 3199 1474 3247 sermone
1493 3186 1527 3244 et

246 3295 362 3352 metro.
389 3326 428 3337 -
453 3292 508 3354 Vs.
544 3295 594 3354 17.
625 3289 807 3352 κατέπλασεν
836 3309 912 3354 cum
946 3293 969 3350 ιῖ
996 3292 1189 3368 paragogico
1220 3292 1352 3365 propter
1379 3285 1523 3360 Hilbergi

244 3391 352 3468 legem
388 3393 469 3455 bene
504 3393 691 3469 requirebat
725 3394 847 3454 Nauck.
873 3427 914 3436 -
938 3394 995 3455 Vs.
1023 3395 1073 3454 19.
1108 3392 1207 3453 Verbi
1241 3389 1340 3452 medii
1375 3388 1525 3447 δείκνυται

245 3494 385 3556 obscura
415 3499 467 3556 est
490 3497 584 3556 ratio.
618 3496 697 3556 Cum
722 3494 772 3554 Bl.
803 3495 950 3569 praefero
981 3494 1161 3555 Clementis
1190 3493 1366 3553 lectionem
1397 3488 1526 3549 δεικνύει

247 3595 337 3657 etin
361 3611 410 3657 vs.
436 3598 477 3658 26
502 3597 722 3656 Naberianum
748 3591 877 3673 σεσηρέν’
904 3611 962 3670 pro
986 3593 1119 3672 σέσηρεν.

203 3697 254 3757 Fr.
281 3698 355 3773 101,
381 3698 410 3758 2.
435 3698 597 3758 vitiosam
621 3698 762 3758 formam
787 3694 1026 3776 ἐγκεκλεισμένον
1049 3713 1107 3772 pro
1131 3691 1345 3777 έγιιεκλῃμέναν
1368 3696 1424 3752 aut
1447 3689 1527 3770 έγιιε-

247 3795 401 3874 ιιλειμένον
431 3803 525 3873 (quae
555 3800 662 3860 forma
692 3799 929 3859 recentioribus
959 3799 1079 3859 Atticis
1109 3798 1251 3858 fortasse
1274 3810 1339 3856 non
1361 3792 1528 3869 eripienda

249 3902 310 3970 est)
334 3899 478 3960 affricuit
499 3903 615 3975 poetae
638 3904 696 3963 aut
717 3902 788 3976 ipse
811 3901 927 3962 Pollux
952 3904 1009 3962 aut
1032 3900 1103 3961 eius
1125 3899 1260 3960 librarii.

204 4000 257 4065 Fr.
279 4002 352 4078 102,
374 4002 404 4062 2.
426 4002 553 4063 Mecum
572 4003 621 4063 Bl.
642 4000 701 4063 ὑπὸ
720 4000 825 4081 μέθης.
848 4037 887 4047 -
906 4000 1058 4079 ὑτιαμελής
1079 4001 1191 4072 (Koclrl
1213 4015 1376 4074 nusquam
1396 3998 1526 4073 legitur.

205 4102 257 4162 Fr.
286 4103 357 4163 107.
391 4103 572 4178 Aptissime
603 4103 651 4163 Bl.
684 4100 735 4163 καὶ
774 4101 869 4180 <δὴ>
906 4102 963 4183 γὰρ
994 4101 1041 4163 ἐπὶ
1076 4112 1178 4179 κῶμον
1206 4096 1326 4180 <μέγ’>
1354 4096 1528 4177 ἀνθρώπων

250 4198 309 4281 ὁρῶ
331 4201 335 4285 l
356 4207 474 4280 πλῆθος
508 4205 642 4281 προσιόν.
674 4202 729 4264 ντὲ.
763 4239 798 4253 -
835 4206 886 4266 Ita
916 4220 1027 4266 carere
1057 4220 1234 4280 possumus
1258 4201 1432 4263 Headlami
1456 4215 1527 4261 con·

250 4305 377 4366 iectura
400 4302 564 4381 ἐπικώμων.

296 4408 528 4465 ΚΡΑΤΕΥΑΣ.
570 4406 685 4467 Kaibel
716 4408 829 4469 Herm.
866 4408 960 4482 1890,
993 4423 1022 4482 p.
1059 4408 1112 4467 90.
1147 4405 1288 4481 ,Verum
1323 4418 1441 4465 nomen
1477 4406 1529 4463 est

252 4506 394 4587 Κράτεια,
428 4511 464 4568 ut
499 4507 618 4581 ubique
652 4511 741 4568 recte
780 4509 987 4583 Athenaeus,
1031 4507 1182 4568 mulieris
1221 4506 1272 4567 vel
1306 4506 1415 4581 potius
1450 4506 1529 4566 deae

251 4624 385 4684 nomen,
421 4609 506 4682 quod
541 4609 575 4668 in
609 4609 743 4669 vasculo
786 4609 884 4669 rubro
920 4608 1041 4683 legitur
1075 4623 1141 4668 una
1171 4623 1245 4667 cum
1281 4608 1464 4665 ΚΑΒΙΡΟΣ
1496 4608 1530 4667 et

254 4710 394 4769 ΜΙΤΟΣ
424 4715 457 4770 et
488 4711 754 4768 ΠΡΑΤΟΛΑΟΣ.
782 4709 828 4770 cf.
855 4709 890 4769 0.
921 4710 1023 4785 Kern,
1058 4710 1110 4770 die
1141 4709 1357 4769 Boeotischen
1388 4707 1530 4769 Kabiren

252 4812 365 4873 Herm.
393 4812 489 4887 1890,
515 4813 534 4871 9
559 4812 653 4885 sqq.'’
946 4824 948 4831 ·

207 4914 260 4975 Fr.
287 4913 360 4988 108,
386 4916 416 4974 6.
441 4913 519 4973 Post
544 4908 707 4990 ι’ένθραιτος
732 4914 819 4971 recte
844 4911 1068 4986 interrogandi
1091 4912 1223 4985 signum
1247 4911 1323 4984 poni
1347 4911 1437 4971 iubet
1459 4910 1507 4970 Bl.
