3502 5512
826 361 867 421 63

186 546 237 610 Fr.
262 551 293 611 8.
317 547 419 611 Recte
441 549 490 610 Bl.
515 546 710 628 ἀναβράστων
734 564 792 625 pro
816 545 1021 628 ἆναβραστῶν.

186 650 238 710 Fr.
265 652 314 711 14.
338 651 394 711 ΒΑ
419 652 471 727 23,
495 652 545 712 15.
571 647 773 729 Ἀριστομένης
796 666 854 726 pro
875 648 1088 730 Ἀριστοφάνης
1111 648 1258 724 reposuit
1276 647 1343 708 iam
1362 647 1506 709 Dindorf.

230 750 475 813 Animadvertit
498 752 621 814 Nauck.

186 885 320 955 Galliae
342 889 380 951 ir.
406 891 436 966 3,
465 893 480 951 1
506 893 538 952 et
563 892 593 952 2.
625 890 745 952 Addito
775 890 816 951 ab
843 891 938 951 initio
968 889 1032 965 καί,
1055 892 1090 951 et
1112 883 1177 967 κρέ’
1202 891 1279 950 ante
1302 886 1444 969 ἐγχέλεια,
1474 891 1507 949 in

228 992 387 1053 dimetros
416 991 575 1053 iambicos
606 993 665 1054 bos
698 994 911 1054 tetrametros
933 993 1117 1053 trochaicos
1140 992 1297 1066 dispescit
1318 991 1367 1051 Bl.
1390 991 1507 1067 Vulga-

230 1096 302 1153 tam
325 1086 392 1153 odd’
417 1088 455 1151 ἂν
479 1089 495 1152 ὁ
519 1094 637 1170 Μῶμος
661 1090 818 1170 μέμψαιτο.
850 1094 948 1154 Miror
970 1095 1166 1154 novatorem
1189 1093 1334 1168 Anglum
1356 1108 1422 1153 non
1445 1093 1507 1154 sol·

230 1193 376 1254 licitasse
399 1197 632 1255 tetrametrum
655 1195 694 1256 fr.
720 1197 750 1256 4.

187 1296 239 1356 ur.
265 1298 316 1372 11,
343 1298 371 1358 1.
406 1307 451 1380 ιο
482 1291 510 1356 a‘
544 1289 603 1375 aaa
633 1297 702 1369 τοὺς
725 1294 781 1357 me.
811 1297 907 1358 maur
930 1296 978 1357 ar.
1005 1295 1133 1358 sufficit
1155 1272 1292 1356 usello
1315 1295 1419 1356 lenior
1443 1311 1508 1357 eor·

231 1398 332 1459 rectio
355 1397 385 1457 τί
406 1392 433 1458 d'
467 1415 524 1474 pro
547 1397 599 1470 τίς.
624 1431 664 1442 -
688 1398 743 1459 Vs.
769 1400 799 1459 2.
834 1397 1071 1476 ,λευκόκρακτοι
1098 1412 1263 1471 nusquam
1287 1397 1508 1472 perstringun-

231 1500 307 1560 tur''
341 1500 442 1561 Kock.
480 1500 573 1576 „Noli
608 1500 744 1560 mirari”
780 1499 957 1574 respondet
987 1500 1115 1560 doctior
1143 1498 1257 1558 Nauck
1289 1498 1390 1577 ,πυγή
1421 1499 1510 1559 enim

232 1602 368 1677 nates,
392 1600 527 1679 ττμακτός
550 1601 686 1676 podex
705 1599 881 1676 significat.
902 1598 1509 1677 1οςαοσαια1αιιιοιτοι1κιοος.”11111.

232 1701 305 1762 Mel.
318 1701 362 1762 Vl
382 1703 424 1763 86
445 1717 493 1776 sq.
514 1705 548 1763 et
567 1702 608 1763 cf.
629 1701 703 1762 Mel.
725 1701 768 1760 IV
782 1703 857 1778 721,
880 1703 909 1762 2.
940 1702 1028 1777 Quae
1052 1701 1209 1776 palmaris
1232 1705 1283 1763 est
1307 1701 1508 1778 emendatio,

232 1803 445 1877 praeferenda
478 1803 718 1878 Blaydesianae
751 1798 862 1880 μάλιστ’
899 1800 938 1863 ἂν
972 1803 1216 1882 εὐρυπρώκτους,
1257 1806 1291 1865 et
1323 1803 1510 1865 Kockianae

231 1903 356 1980 μάλιστά
385 1894 409 1983 μ’
442 1903 680 1984 εὐρυπρώκτους.
713 1905 865 1967 Absurda
887 1908 940 1967 est
959 1906 1064 1967 altera
1087 1906 1202 1966 Kockii
1227 1905 1415 1966 coniectura
1436 1907 1510 1964 lao-

231 2004 395 2084 κρώκτονς.
418 2006 443 2066 Ε
462 2006 567 2067 lexico
592 2007 795 2067 Messanensi
819 2007 912 2078 (llus.
936 2007 997 2068 Rb.
1025 2007 1123 2082 1892,
1148 2022 1179 2082 p.
1198 2007 1263 2065 407
1284 2006 1385 2074 Rabe)
1403 2021 1505 2067 acees-

231 2106 292 2166 sic:
320 2106 451 2178 Καλλίας
476 2106 634 2184 ΠεδήταιςΙ

409 2206 480 2279 ἴσως
504 2207 639 2292 ξυνῳδὸς
661 2217 701 2290 τῷ
724 2206 820 2293 χρόνῳ
845 2211 908 2278 (τοῦ
931 2207 1041 2287 χρόνον
1065 2207 1145 2278 cod.)
1168 2206 1330 2287 γενήσεται.

409 2316 476 2387 τῆς
500 2306 545 2385 δὴ
567 2306 624 2389 γὰρ
646 2306 767 2388 ἀγαθὸν
789 2316 887 2387 χρῆμα
909 2308 957 2368 καὶ
982 2307 1158 2392 ξανῳδικόν.

232 2407 304 2469 Duo
334 2425 407 2497 esse
437 2411 625 2486 fragmenta
654 2412 762 2471 sensit
792 2409 898 2486 Kock‚
930 2411 988 2471 sed
1017 2411 1172 2484 quidquid
1195 2410 1278 2471 latet
1300 2410 1361 2471 sub
1383 2417 1434 2486 τῆς
1458 2407 1512 2486 δὴ,

232 2508 336 2570 latere
367 2513 424 2572 vix
453 2514 564 2587 potest
592 2512 677 2585 quod
700 2511 871 2588 proposuit
892 2510 972 2588 τήθη
997 2511 1049 2572 vel
1072 2512 1167 2589 τιτθή.
1197 2511 1346 2587 Cogitavi
1369 2513 1409 2573 de
1432 2512 1510 2572 scri·

234 2610 338 2674 bendo
361 2615 455 2674 πείσει
479 2614 532 2675 vel
554 2613 658 2690 φήσει,
680 2614 739 2674 sed
762 2613 844 2674 nibil
869 2614 950 2674 certi
973 2614 1129 2674 extundo.

190 2712 241 2773 Fr.
269 2715 319 2789 12,
346 2720 373 2777 1.
406 2716 436 2776 τί
456 2710 484 2776 δ’
510 2708 545 2776 εἴ
573 2713 609 2774 σὺ
642 2713 743 2792 σεμνὴ.
773 2715 821 2777 ΒΙ.
846 2715 1001 2776 Fortasse
1033 2716 1135 2776 etiam
1166 2713 1203 2792 δὴ
1227 2716 1352 2776 servari
1375 2716 1509 2791 poterit,

234 2817 271 2875 ut
289 2809 317 2876 εἷ
333 2819 557 2880 subaudiatur.
583 2816 673 2892 Quod
693 2833 750 2892 pro
774 2817 867 2895 σεμνή
886 2817 1094 2878 substituunt
1113 2821 1266 2894 σεμναῖ,
1284 2816 1376 2877 nulla
1394 2817 1511 2877 nititur

237 2921 427 2997 atticorum,
452 2920 507 2994 qui
530 2919 734 2994 σεμνύνεσθαι
757 2920 882 2995 dicunt,
908 2918 1114 2979 auctoritate.

189 3026 241 3087 Fr.
268 3025 318 3085 13.
343 3019 392 3082 καὶ
415 3020 536 3097 Σάκαν,
556 3018 560 3098 Ι
582 3013 618 3079 ‘dv
641 3016 696 3078 κσὲ.
720 3020 769 3081 Bl.

189 3129 240 3191 Fr.
266 3129 319 3189 21.
342 3125 389 3185 De
412 3124 503 3185 vocis
526 3120 609 3193 ἔτνος
640 3125 895 3198 anapaestorum
919 3121 1055 3182 licentia
1077 3121 1233 3195 producta
1255 3121 1361 3197 priore
1384 3121 1512 3195 syllaba

234 3232 310 3305 apte
332 3228 381 3288 Bl.
406 3224 611 3300 comparavit
632 3225 751 3285 ιῖαῖινοῡ
776 3224 831 3284 Ar.
856 3221 938 3283 Nub.
964 3223 1041 3283 320.

189 3375 419 3462 Nasamonio,
443 3377 516 3452 1,1.
540 3374 745 3437 coniecturis
767 3374 846 3455 ιτρίο
874 3390 959 3435 <τε>
987 3374 1080 3435 addit
1102 3373 1254 3448 Blaydes.

189 3515 335 3600 Lysippi
359 3517 398 3577 fr.
425 3516 453 3575 1.
483 3513 598 3574 Nauck
625 3528 674 3575 vs.
701 3516 729 3574 1.
753 3510 843 3591 ἕχειςς
869 3527 928 3589 pro
952 3509 1072 3590 ἔχομεν;
1101 3511 1216 3571 deinde
1239 3513 1460 3586 transponens
1482 3508 1512 3580 ἐς

232 3617 265 3678 τὸ
285 3615 380 3697 φρέαρ
404 3610 550 3676 καθεῐτί
577 3612 641 3691 ἐμὲ
665 3612 851 3686 (καθεικέναι
875 3615 982 3689 codd.;
1003 3630 1084 3675 corr.
1104 3613 1240 3683 Dobree)
1264 3613 1298 3672 et
1313 3620 1369 3671 τοῦ
1387 3609 1513 3690 θέρους,

233 3716 320 3796 ἐμοὶ
354 3718 499 3778 δοκεῖν.
534 3715 766 3777 verisimiliter
790 3717 979 3776 admodum.
1010 3715 1059 3775 Bl.
1091 3728 1157 3774 non
1180 3715 1269 3774 recte
1297 3721 1360 3784 τῶς
1384 3711 1456 3791 ἔχοις
1479 3716 1513 3774 et

233 3821 330 3882 Add.
355 3837 385 3896 p.
409 3820 474 3879 326
497 3825 561 3889 πῶς
584 3815 700 3895 &zerem
724 3817 865 3878 Omnino
891 3817 956 3877 vid.
986 3815 1059 3878 Mel.
1084 3815 1128 3875 Vl
1152 3815 1192 3875 87
1218 3830 1266 3889 sq.

189 3923 241 3984 Fr.
267 3924 297 3983 7.
324 3924 353 3983 2.
386 3921 522 3980 Frustra
551 3919 744 3995 τεθαύμακας
767 3935 824 3994 pro
848 3917 1029 3997 τεθήρεοσαι
1051 3916 1100 3977 Bl.
1124 3916 1240 3976 Verte:
1265 3930 1338 3976 nec
1361 3918 1512 3991 eaptus

235 4039 278 4085 es
301 4024 404 4095 (eius
429 4020 545 4083 urbis
567 4019 815 4091 illecebris).

190 4125 241 4187 Fr.
267 4126 297 4186 9.
329 4123 538 4198 Archippo
569 4121 693 4183 rectius
722 4122 838 4183 tribuit
860 4121 989 4197 Nauck,
1022 4120 1070 4181 sic
1094 4119 1264 4194 explicans
1286 4119 1336 4180 Et.
1361 4134 1405 4180 m.
1430 4120 1511 4180 codi-

233 4272 310 4319 cum
327 4255 508 4330 scripturas
524 4221 575 4330 Ὗ
595 4258 628 4315 et
646 4225 743 4333 (μικτος.
773 4254 819 4314 De
851 4252 1016 4327 Blaydesii
1043 4253 1232 4313 coniectura
1251 4251 1316 4312 vid.
1345 4267 1446 4327 supra
1471 4251 1512 4312 ad

234 4356 389 4432 Archippi
412 4355 452 4415 fr.
477 4356 529 4416 33.

191 4506 362 4574 leuconls
386 4506 424 4567 ir.
452 4507 483 4582 1,
512 4507 540 4566 1.
564 4505 661 4566 Haud
684 4505 836 4580 displicet
858 4504 1024 4578 Blaydesii
1048 4503 1209 4578 suspicio:
1234 4493 1326 4560 οἶσθά
1348 4523 1408 4562 τιον
1435 4521 1514 4580 <με-

233 4606 414 4687 μνημένος>
438 4601 442 4688 Ι
464 4606 625 4678 Παάττιδος
654 4599 830 4684 τάκπώμαθ’
859 4601 878 4664 ἃ
903 4610 990 4677 (cum
1013 4603 1148 4673 Kookiol
1172 4600 1371 4677 κατεδήδοκεν
1393 4597 1514 4683 '‘Ysip-

233 4711 331 4790 βολος.
353 4711 406 4772 Ita
428 4710 517 4771 enim
534 4703 712 4787 Ὑκὲρβολος
736 4712 811 4784 (qua
833 4709 867 4769 in
891 4724 926 4769 re
948 4708 1068 4769 merito
1092 4705 1248 4766 haerebat
1270 4705 1332 4775 Bl.)
1355 4706 1514 4767 traditum
1582 4755 1584 4759 ,

233 4813 343 4875 locum
373 4812 458 4873 tueri
481 4814 600 4886 potest.
628 4810 732 4871 Not-ae
755 4813 833 4870 sunt
863 4809 1024 4870 formulae
1055 4799 1123 4867 οῖδα
1148 4804 1195 4865 ὅτε
1221 4808 1255 4867 et
1284 4803 1435 4885 μέμνημαι
1458 4806 1513 4876 ὅτε,

233 4915 367 4977 Dictum
385 4911 586 4989 κατεδήδοκεν
609 4909 877 4985 dilapidandi
896 4925 1011 4987 sensu,
1032 4909 1122 4970 utin
1141 4905 1311 4967 κατεσθίειν
1329 4905 1365 4967 τὰ
1382 4917 1513 4992 κατορα.
