3502 5512
867 343 910 403 20

225 527 277 589 Fr.
301 529 355 590 43.
385 528 432 589 De
462 529 683 604 Aristophane
713 529 838 592 dictum
869 514 1058 605 suspicatur
1088 530 1272 591 vLeeuwen
1301 531 1422 591 linem.
1451 526 1549 604 1888,

269 645 299 705 p.
325 631 389 692 273
413 645 476 704 sq.,
504 629 676 690 conferens
698 630 772 690 Pac.
797 632 861 692 765
886 645 956 705 sqq.
980 632 1014 691 et
1036 630 1093 704 leq.
1119 631 1183 691 550
1207 647 1255 705 sq.

224 731 276 792 Fr.
300 732 354 791 44.
379 732 515 806 Propter
537 745 769 806 praegressum
792 727 863 791 ποτὲ
886 728 940 808 μὲν
963 732 1048 807 apud
1072 732 1285 793 Plutarchum
1308 746 1367 806 pro
1385 729 1479 807 μόνος
1498 729 1549 790 Bl.

269 834 420 908 proponit
442 829 512 892 ποτὲ
540 829 588 902 θές
618 831 688 894 fleri
712 836 821 908 potest
844 835 882 895 ut
905 836 1009 907 recte,
1034 834 1092 894 eed
1115 834 1149 893 in
1172 848 1288 894 versus
1310 833 1406 893 initio
1429 832 1549 893 malim

240 936 331 1023 Ιτότε
354 933 400 1010 δέ,
426 937 463 995 ut
483 935 567 1010 apud
588 935 818 996 Pherecratem
846 935 1061 997 antecesserit
1087 933 1149 994 τότε
1176 932 1238 1013 μὲν.
1265 936 1426 1012 Suspecta
1455 936 1548 996 enim

270 1051 401 1097 versum
440 1035 571 1095 ordiens
611 1051 675 1096 vox
709 1036 871 1096 enclitica.
907 1036 1141 1097 Praecedentia
1174 1052 1192 1096 e
1225 1036 1394 1097 Plutarchi
1437 1037 1549 1098 verbis

265 1138 396 1199 restItui
420 1139 598 1211 nequeunt.
623 1137 731 1197 Merue
754 1140 867 1197 autem
888 1137 982 1197 lusus
1006 1139 1057 1197 est
1077 1136 1243 1211 Blaydesii
1261 1139 1451 1198 tentamen:
1476 1133 1549 1196 ποτὲ

268 1235 323 1317 μὲν
356 1231 461 1314 καθῆτ’
495 1234 527 1296 ἒν
557 1245 592 1320 τῇ
624 1237 707 1297 πόλει
737 1238 918 1315 καρηβαρῶν
938 1236 943 1314 Ι
964 1236 1024 1296 ὑπὸ
1055 1245 1107 1312 τῆς
1138 1234 1305 1315 ἀμηχανίας
1335 1236 1459 1316 ἀπορῶν
1487 1247 1548 1297 τῶν

215 1384 218 1390 .
266 1339 458 1420 πραγμάτων,
480 1340 535 1413 qui
558 1339 629 1413 ipso
652 1341 760 1399 metro
784 1353 901 1399 versus
924 1339 1048 1399 servati
1072 1338 1242 1400 refellitur.

223 1445 274 1504 Pr.
300 1443 353 1503 49.
378 1440 507 1517 Duplex
529 1455 603 1501 esse
627 1440 852 1516 fragmentum
878 1445 966 1501 reete
988 1441 1102 1500 monet
1124 1439 1173 1500 Bl.

222 1546 273 1606 Fr.
299 1545 352 1605 54.
375 1542 563 1617 Phrynicho
586 1557 644 1617 pro
668 1539 894 1623 παρατιθεμένῃ
917 1541 1000 1602 bene
1023 1538 1242 1624 προστιθεμίνῃ
1266 1543 1407 1604 reddidit
1428 1544 1479 1605 Bl.

222 1648 274 1708 Fr.
299 1648 352 1707 58.
377 1646 415 1705 In
438 1644 488 1704 Et.
514 1643 595 1704 Gud.
619 1644 690 1703 iure
714 1642 763 1703 Bl.
788 1641 863 1701 κατὰ
886 1640 1012 1718 φθορὰν
1038 1649 1121 1704 <τοῦ
1147 1655 1199 1702 ῑ>.

222 1750 274 1810 llr.
299 1750 352 1810 60.
397 1747 612 1822 „scripserat
649 1745 772 1820 opinor,
809 1747 1080 1822 inproperante,
1114 1746 1150 1804 ut
1185 1745 1270 1818 apud
1305 1745 1546 1820 Hesychium”.
1614 1769 1616 1775 ·

267 1851 368 1911 Recte
392 1848 544 1922 Blaydes.

223 2048 408 2133 HermIppi
433 2049 471 2110 tr.
498 2051 526 2109 1.
550 2047 672 2124 τίθεμαι
692 2041 747 2126 ’γὼ
770 2047 834 2123 nt,
859 2062 944 2121 quae
966 2048 1050 2108 coni.
1075 2048 1212 2108 debetur
1234 2050 1363 2124 proprie
1386 2049 1525 2113 Kookio.

221 2154 273 2214 Pr.
299 2154 329 2213 2.
362 2150 448 2210 Nihil
472 2162 548 2210 oum
572 2148 697 2208 Koelrio
720 2147 940 2222 supplendum
963 2163 1051 2222 esse,
1081 2148 1136 2208 sed
1161 2149 1327 2223 iungenda
1349 2166 1423 2213 esee
1448 2153 1552 2215 verba

265 2251 325 2313 ἀπὸ
349 2260 401 2329 τῆς
424 2248 570 2327 τοοπίζιος
593 2246 734 2307 ἅπτεσθαι
758 2249 840 2309 bene
864 2248 1021 2309 observat
1047 2248 1095 2309 Bl.

220 2357 272 2416 Fr.
298 2356 329 2430 9,
357 2355 385 2413 l.
422 2352 459 2412 In
494 2349 607 2410 Ooheti
642 2351 831 2410 coniectura
864 2350 1056 2424 scrupulum
1091 2350 1173 2409 mihi
1208 2353 1322 2411 movet
1356 2352 1550 2431 Πείσανδρος

265 2454 356 2535 μέγας
376 2454 501 2515 dictum
523 2453 594 2512 sine
614 2450 768 2524 articulo;
789 2451 861 2511 ooll.
881 2451 993 2526 Eupol.
1014 2450 1122 2511 1150]
1149 2451 1212 2520 (Μ.)
1232 2456 1265 2511 et
1280 2454 1335 2513 Ar.
1356 2453 1453 2530 Vesp.
1468 2457 1547 2533 592,

266 2561 300 2618 et
324 2572 371 2616 vs.
398 2556 417 2614 2
442 2557 580 2628 expecto
603 2549 674 2610 οὖπλ
701 2560 741 2631 τῷ
765 2551 843 2634 ξύλῳ
867 2554 929 2620 (τοῦ
953 2551 1078 2622 §elevit
1110 2566 1184 2611 cum
1208 2552 1397 2630 Blaydesio,
1424 2557 1548 2630 quiex

234 2663 238 2671 '
266 2657 365 2729 ἐλαίας
396 2657 538 2717 fortasse
562 2653 651 2712 recte
681 2652 794 2712 elicuit
822 2650 928 2726 φίλης.
960 2652 1051 2711 Idem
1084 2666 1133 2713 vs,
1168 2653 1180 2710 1
1214 2651 1340 2714 <ἱδοὺ>
1370 2658 1549 2734 καταβαίνει

266 2761 317 2822 vel
340 2756 514 2837 προβαίνει,
536 2769 676 2828 quorum
700 2754 762 2813 hoc
786 2753 906 2827 aptius.
928 2753 979 2812 Ita
1001 2753 1069 2812 fere
1092 2752 1201 2812 fuerIt:

510 2902 576 2929 m-
598 2854 758 2932 προβαίνει
782 2857 850 2931 σῖγα
874 2853 1062 2928 Πείσανδρος
1091 2847 1166 2913 <ὁ>
1193 2850 1297 2932 μέγας,

508 2956 606 3031 ὥσπερ
630 2954 838 3014 Διονυσίοισιν
863 2950 935 3012 οὑπλ
958 2962 997 3033 τῷ
1021 2952 1099 3033 ξύλῳ
1123 2957 1187 3022 (τοῦ
1211 2955 1335 3027 ξύλουλ)

507 3058 614 3134 φάλης·
639 3053 712 3133 ἐρεῖς
735 3049 787 3113 τιν’
818 3051 951 3116 ciaon>
975 3051 1049 3130 ὁρᾶν
1072 3053 1249 3130 κανθήλιον.

217 3169 269 3229 Pr.
297 3167 346 3226 10.
382 3162 465 3222 Cum
500 3157 673 3233 παοιπόονη
703 3156 821 3224 (Melo.)
845 3155 893 3216 Bl.
930 3155 985 3215 oft.
1023 3155 1191 3233 Πασιφίλη,
1227 3157 1405 3233 Plangonis
1439 3166 1544 3226 scorti
1588 3167 1592 3173 ”

261 3279 442 3341 cognomen
468 3277 518 3336 ap.
543 3258 663 3320 Athen.
683 3256 764 3316 XIII
787 3257 850 3317 594
876 3255 910 3317 Ο.

216 3370 267 3429 llr.
295 3369 345 3427 15.
376 3363 543 3424 Alluditur
574 3359 616 3419 ad
647 3360 761 3417 notam
791 3349 992 3417 locutionem
1023 3358 1260 3430 proverbialem
1290 3365 1420 3419 κινεῖν
1443 3362 1544 3442 μηδὲ

260 3468 428 3543 κάρφος,
461 3463 554 3523 cuius
578 3474 665 3520 nova
688 3458 822 3533 praebet
841 3457 994 3532 exempla
1016 3458 1187 3519 Herondas
1211 3459 1226 3518 Ι
1250 3462 1292 3520 34
1316 3464 1350 3521 et
1372 3462 1495 3528 11167.

215 3572 267 3631 l'r.
295 3570 345 3629 16.
381 3566 457 3626 Sine
486 3577 586 3624 cauea
608 3561 725 3620 idonea
749 3558 839 3619 Koclr
863 3557 981 3636 ἔχοντος
1005 3574 1062 3633 pro
1086 3557 1213 3636 ἔχοντας.
1238 3558 1437 3624 Hquemodi
1460 3581 1545 3629 usus

259 3669 389 3730 numeri
412 3663 592 3739 singularis
614 3676 672 3736 pro
692 3660 811 3734 plurali
832 3658 892 3728 (ἴσα
912 3656 1047 3730 ἀσπίδια)
1067 3660 1187 3734 ubique
1206 3664 1358 3734 prostant
1376 3669 1544 3743 exempla.

213 3774 265 3833 Fr.
293 3772 343 3830 18.
368 3760 555 3842 λεπτασχιθὲς
578 3762 764 3834 (σανδάλιον)
790 3761 845 3821 oft.
870 3761 919 3821 Bl.

212 3874 264 3934 Fr.
291 3873 342 3944 25,
372 3871 399 3929 l.
425 3867 473 3927 Bl.
505 3872 621 3945 πεινῇ
641 3885 698 3931 τις
729 3858 870 3943 ἢδίψῃ
894 3869 1005 3939 καμῇ.
1037 3863 1081 3921 At
1111 3861 1150 3921 de
1181 3862 1253 3922 sola
1284 3865 1341 3923 siti
1368 3867 1479 3940 agitur
1506 3871 1542 3931 in

255 3971 481 4048 sequentihus.
517 3967 554 4024 In
589 3963 841 4037 corruptissimo
875 3962 1076 4036 fragmenta,
1112 3963 1198 4035 quod
1233 3967 1321 4025 recte
1352 3966 1460 4042 Bergk
1500 3971 1542 4032 de

255 4072 452 4135 Amaltheae
494 4081 594 4127 cornu
633 4065 800 4138 accepisse
837 4063 975 4135 videtur,
1012 4062 1092 4121 haee
1127 4062 1324 4125 ludibundus
1359 4067 1542 4143 (confiteor)

256 4176 390 4237 adiutus
413 4169 453 4230 ab
477 4168 552 4227 aliis
575 4164 721 4226 tentavi:

502 4261 594 4327 ἔπειθ’
622 4265 694 4325 ὅταν
718 4265 917 4334 δειπνοῦντας
940 4259 1019 4338 ἡμᾶς
1042 4257 1104 4336 δίψ’
1132 4260 1196 4345 ἔχῃ,

502 4363 652 4445 εὐχόμεθα
675 4364 750 4442 πρὸς
773 4359 850 4424 τοῦτ’
875 4356 1000 4438 ,ολνον,
1023 4353 1046 4420 ὦ
1069 4359 1172 4438 κέρας,
1195 4363 1315 4443 θίδου”,

500 4464 577 4529 κούκ
601 4466 633 4527 ἐκ
656 4465 795 4543 καπήλου
820 4464 870 4523 δεῖ
888 4461 991 4541 φέρειν
1016 4463 1127 4531 παῖδας
1150 4461 1246 4540 μέθυ,

501 4564 597 4640 εὐθὺς
620 4566 776 4646 γεγένηται
800 4560 828 4624 i'
855 4560 930 4624 αὐτὸ
954 4559 1040 4622 πέντε
1064 4561 1113 4620 καλ
1138 4561 1202 4621 δύο.

253 4678 330 4739 Alia
354 4672 525 4750 proposuit
547 4670 595 4730 Bl.
622 4687 652 4744 p.
680 4670 732 4728 29.

209 4782 261 4841 Fr.
286 4780 339 4851 26,
367 4778 396 4836 3.
422 4766 506 4832 ἔπειτ’
532 4771 634 4840 (cur?)
659 4762 778 4843 ε’νίκαεβ
806 4762 897 4835 ὀλὰς
922 4761 1056 4821 λαθὼν
1080 4777 1137 4837 pro
1160 4765 1325 4826 λανθάνων
1348 4772 1397 4833 Βλ.

208 4881 260 4940 Fr.
286 4880 339 4939 27.
364 4875 412 4935 Bl.
445 4870 495 4931 καλ
524 4870 599 4951 πρὸς
631 4873 788 4944 (insuper)
820 4866 936 4943 κύβους
967 4857 1058 4937 ἕστηκ’
1093 4861 1165 4940 ἔχων
1189 4864 1253 4922 καλ
1276 4869 1387 4947 κήθιον
1410 4876 1464 4935 vel
1488 4877 1542 4940 καλ
