3502 5512
894 315 937 378 80

293 515 399 598 παιδιᾷ
427 519 485 576 aut
511 510 577 590 οὐχλ
600 509 761 586 παιδικῶς,
784 511 841 570 scd
865 511 994 585 virgula
1017 526 1076 586 pro
1099 515 1220 586 puncto
1243 512 1352 586 posita
1375 517 1450 588 post
1472 511 1573 593 λαβών

294 618 483 694 scripserim
507 613 667 692 ἐνεχεάμην
695 605 786 673 <11’>
808 607 937 688 άνρατον
956 609 1027 687 κτέ.,
1048 612 1160 673 delens
1182 612 1345 686 virgulam
1362 618 1439 688 post
1458 615 1573 697 παιδιᾷ.

294 723 377 782 Nam
401 718 513 794 procul
536 715 633 776 dubio
654 729 721 773 vss.
750 713 834 772 l-3
858 728 960 773 unam
984 713 1132 774 efficiunt
1154 715 1334 789 periodum.

250 826 302 885 Fr.
326 825 379 898 82,
405 823 435 880 2.
459 820 507 880 Β1.
532 814 564 877 δὲ
586 832 644 892 pro
668 837 705 874 τε.
729 813 816 875 Cur?
840 815 906 875 Nec
930 817 1023 877 video
1047 832 1104 876 cur
1127 832 1176 877 vs.
1201 817 1221 876 3
1253 814 1304 874 uel
1327 814 1484 894 βεβρωκὼς
1508 833 1572 878 me·

293 925 357 984 lius
387 924 432 983 sit
462 935 561 995 quam
592 918 753 978 traditum
777 915 1019 994 καταβεβρωκὼς.
1044 916 1573 996 1111οκαταβιβρώσκειν,ρ1ο11111

292 1026 494 1099 antiquiores
524 1019 640 1081 comici
667 1016 835 1076 κατεσθίειν
859 1018 1027 1093 adhibent,
1062 1019 1292 1079 devorandi
1314 1034 1416 1078 sensu
1440 1034 1573 1094 usurpa·

293 1132 365 1189 tum
389 1127 441 1186 bic
464 1125 632 1197 aliquanto
656 1120 765 1195 aptius
789 1119 918 1180 videtur
941 1136 1040 1194 quam
1066 1121 1201 1181 verbum
1226 1121 1380 1196 simplex.

249 1231 300 1292 Fr.
324 1231 376 1305 85,
404 1230 431 1288 l.
463 1229 626 1286 κναθοῑσιν
649 1223 697 1282 Bl.
730 1237 787 1296 pro
818 1225 936 1281 θεοῖσιν
968 1222 1106 1282 forsitan
1130 1222 1252 1282 rectius
1275 1238 1375 1295 quam
1399 1221 1575 1300 σκύφοισιν,

292 1333 376 1407 quod
411 1331 596 1390 coniecerat
630 1323 730 1385 Koclr.
767 1322 850 1383 Oum
886 1325 1003 1383 neutro
1037 1324 1121 1384 facio
1151 1324 1299 1385 futurum
1330 1321 1458 1400 ἔνεσται,
1488 1327 1574 1399 quod

291 1435 415 1508 optime
445 1432 511 1491 coit
541 1427 649 1488 verbis
672 1424 887 1498 sequentibus
911 1419 949 1481 ἂν
973 1421 1014 1500 μὴ
1037 1423 1147 1508 κεράσρ
1171 1448 1228 1500 τις,
1251 1428 1402 1487 mutante
1426 1428 1459 1486 in
1483 1441 1572 1502 prae·

294 1549 372 1595 sens
393 1530 486 1591 ἔνεστι
510 1530 563 1590 vel
586 1519 671 1586 ἔνεστ’
700 1522 741 1584 ἐν.

249 1638 300 1698 Fr.
325 1637 379 1710 86,
403 1638 433 1694 ὁ.
465 1632 547 1692 (lum
578 1630 626 1688 Bl.
657 1626 809 1686 inutilem
841 1625 949 1686 iudico
973 1626 1088 1686 Koclrii
1113 1629 1334 1689 coniecturam
1361 1625 1574 1706 ὠστιζομένονς

292 1753 349 1813 pro
380 1729 594 1809 σιτιζομένονς,
622 1729 707 1803 quod
732 1727 902 1801 postulant
925 1729 997 1801 ipsa
1020 1729 1202 1801 sequentia.
1229 1729 1309 1790 Cum
1336 1746 1383 1790 18.
1409 1733 1429 1791 6
1454 1731 1575 1791 iniuria

292 1838 470 1900 sollicitato
494 1835 529 1894 O.
544 1832 678 1892 drusius
702 1828 758 1889 cit.
784 1828 933 1888 Alexidis
956 1829 995 1890 ir.
1024 1830 1096 1889 159.

248 1942 299 2001 Fr.
324 1941 377 2014 87,
403 1939 422 1997 3
446 1953 495 2010 sq.
608 1930 746 2008 καθάπερ
771 1929 805 1988 αἱ
825 1934 979 2009 γυναῖκες,
1001 1927 1167 2010 κατέφαγεν

470 2037 629 2113 πάμπολλα
648 2031 699 2092 καὶ
722 2031 926 2109 ταχύτατα.

290 2143 455 2204 Librarios
474 2138 658 2212 sequiorem
678 2135 820 2195 formam
837 2134 1050 2195 substituisse
1073 2150 1130 2209 pro
1152 2135 1254 2195 attica
1277 2133 1434 2212 τάχιστα
1457 2136 1573 2195 monui

293 2244 385 2305 Anal.
399 2241 476 2302 Crit.
491 2242 544 2300 34.
562 2240 589 2298 N
593 2255 633 2298 on
647 2236 894 2312 praeferendam
908 2251 981 2295 esse
998 2236 1115 2296 Koclrii
1128 2237 1351 2296 coniecturam
1370 2236 1573 2314 παχύτατα

291 2346 432 2406 arbitror
463 2344 594 2417 propter
625 2338 741 2398 Eubuli
764 2337 803 2397 ir.
829 2338 881 2396 42.
906 2337 1022 2397 Risum
1048 2340 1162 2397 movet
1185 2337 1248 2412 Bl.,
1275 2338 1330 2410 qui
1353 2338 1493 2411 quodvis
1515 2353 1573 2413 pro

289 2448 407 2521 quovis
431 2443 556 2519 passim
581 2454 743 2514 reponens
766 2438 960 2498 violentiam
985 2438 1037 2497 hic
1061 2439 1143 2497 mihi
1166 2439 1358 2513 exprobrat!

246 2549 297 2608 Fr.
323 2549 376 2623 88,
405 2547 431 2606 l.
467 2546 529 2604 Pro
560 2541 596 2602 od
628 2541 676 2601 Β1.
708 2539 804 2600 malit
827 2530 881 2614 αὖ,
903 2539 988 2612 quod
1015 2540 1208 2613 pessumdat
1231 2541 1446 2615 sententiam,
1472 2555 1571 2614 quam

289 2650 413 2724 optime
443 2646 586 2720 explicat
618 2643 718 2703 Kock.
752 2642 851 2701 Recte
882 2641 970 2701 idem
1004 2656 1051 2700 vs.
1077 2643 1096 2700 3
1128 2640 1391 2716 11111111ο1πασιν,
1422 2642 1479 2701 sed
1503 2656 1571 2716 per·

289 2750 477 2827 spicuitatis
508 2762 585 2821 ergo
615 2745 804 2818 scripserim
835 2741 955 2801 ἅπασιν·
987 2741 1104 2815 ἵπποις,
1134 2741 1200 2804 κτὲ..
1236 2744 1357 2804 Utrum
1387 2759 1436 2804 va.
1463 2748 1482 2803 4
1513 2759 1571 2819 pro

289 2855 410 2929 μαστοῖς
443 2847 690 2910 rescribendum
721 2845 766 2904 sit
796 2859 870 2903 cum
903 2843 1114 2918 Dalecampio
1144 2841 1317 2921 μασπέτοις,
1346 2846 1431 2919 quod
1455 2845 1572 2920 probat

288 2955 352 3029 Bl,
376 2968 418 3013 an
442 2966 517 3010 cum
537 2947 675 3021 Kockio,
699 2944 756 3019 qui
779 2944 860 3004 illud
879 2959 999 3004 nomen
1019 2944 1169 3019 ignotum
1188 2946 1291 3006 fuisse
1311 2947 1569 3007 Atheniensibus

288 3073 306 3117 e
329 3051 548 3128 Theophrasti
571 3049 643 3108 loco
666 3047 707 3107 Η.
732 3046 779 3106 Pl.
803 3045 847 3104 VI
871 3047 901 3120 3,
930 3047 945 3104 1
970 3044 1085 3122 elficit,
1109 3051 1290 3124 μαστροποῖς
1313 3048 1448 3107 ridicule
1471 3048 1568 3108 inter·

285 3158 430 3234 positum
460 3154 530 3227 agri
560 3151 719 3226 cyrenaei
747 3149 923 3222 fructibus,
949 3163 1014 3208 non
1037 3149 1133 3224 plane
1156 3151 1290 3223 quidem
1314 3150 1397 3210 mihi
1420 3153 1567 3225 constat,

287 3260 346 3321 sed
376 3260 491 3317 tamen
521 3255 583 3313 huc
614 3253 722 3326 magis
753 3250 891 3310 inclinat
921 3250 1569 3328 1111111118.9111111111οπυρετοῖς111131

285 3359 431 3437 praefero
457 3355 608 3416 Meinekii
631 3354 805 3413 inventum
828 3355 936 3429 πυροῖς
959 3351 1048 3410 illius
1071 3353 1277 3413 coniecturae
1299 3353 1433 3432 πύργοις.

243 3467 294 3526 Fr.
318 3464 371 3538 89,
396 3464 487 3533 5811.
512 3457 593 3518 Cum
617 3454 791 3528 Blaydesio
816 3452 915 3527 probo
938 3453 1075 3512 Porsoni
1098 3454 1403 3528 transpositionem.

242 3567 293 3627 Fr.
319 3565 371 3638 90,
397 3564 426 3621 2.
463 3562 524 3620 Ρ1ο
555 3555 655 3626 δαιτὸς
686 3554 900 3629 interpolator
930 3554 1040 3629 potius
1070 3556 1253 3629 scripturus
1283 3556 1402 3616 fuisset
1432 3556 1567 3630 vulgare

286 3665 426 3739 δείπνου,
459 3676 559 3736 quare
590 3658 696 3718 multo
723 3656 921 3731 probabilior
945 3656 1074 3715 videtur
1098 3656 1249 3716 Meinekii
1272 3658 1460 3718 coniectura
1482 3657 1566 3718 exci-

286 3769 374 3829 disse
397 3770 524 3841 λιπαρᾰς
548 3776 647 3835 quam
671 3759 845 3819 delendum
870 3772 943 3816 esse
967 3755 1075 3827 δαιτὸς.

242 3872 293 3931 Fr.
318 3872 370 3943 91,
399 3869 426 3927 1.
450 3864 548 3925 πόθεν
572 3860 698 3937 οἰκήτωρ
724 3864 780 3929 (11.
806 3855 900 3935 ὄχλος)
925 3859 1033 3932 magis
1053 3859 1179 3932 poetice
1199 3859 1325 3919 dictum
1345 3875 1446 3933 quam
1466 3860 1564 3921 πόθεν

285 3966 343 4031 οἵδ’
372 3962 489 4046 ἥκονσ’,
514 3965 599 4040 quod
623 3961 782 4022 substitui
807 3959 897 4019 iubet
921 3959 1073 4032 Blaydes.

242 4075 292 4133 Fr.
317 4074 370 4133 92.
391 4071 439 4130 Bl.
463 4065 642 4144 ,ἀστρίγο1ς,
661 4064 681 4122 1.
695 4078 724 4135 q.
746 4058 948 4138 ἀστραγάλοις.
969 4060 1100 4120 Scilicet
1120 4061 1158 4120 ob
1178 4063 1259 4122 astri
1278 4062 1564 4124 similitudinem.”

284 4174 373 4250 Quod
404 4172 433 4231 si
463 4171 511 4229 ita
540 4172 641 4239 esset,
674 4162 852 4237 suspiceris
882 4161 967 4221 talos
991 4163 1039 4221 ita
1061 4162 1166 4222 dictos
1189 4177 1263 4222 esse
1286 4179 1305 4223 a
1327 4165 1472 4239 punctis,
1498 4167 1563 4238 qui·

284 4278 345 4337 bus
387 4277 423 4334 ut
463 4271 571 4331 stellis
613 4266 741 4327 coelum
780 4263 1077 4336 distinguebantur.
1113 4262 1235 4324 Verum
1270 4280 1372 4340 apage
1407 4267 1563 4340 ineptiasl

283 4376 412 4455 Ἀστρίας
446 4377 480 4434 11
510 4368 645 4448 άστριχος
679 4366 761 4427 nibil
791 4365 880 4425 aliud
904 4367 984 4424 sunt
1007 4378 1106 4437 quam
1134 4365 1299 4426 breviores
1322 4367 1450 4427 formae
1473 4369 1564 4428 vocis

284 4477 481 4557 ἀστράγαλος,
511 4473 627 4535 talus
658 4468 840 4542 (animalis,
880 4467 1074 4542 plerumque
1105 4467 1266 4542 hinnulei,
1304 4469 1389 4528 unde
1427 4468 1562 4547 δορκάς),

283 4596 366 4655 quae
398 4593 463 4638 vox
494 4575 605 4649 procul
630 4571 727 4632 dubio
751 4569 790 4628 ab
815 4569 915 4628 astris
939 4582 1003 4627 non
1034 4567 1124 4626 ducit
1146 4569 1317 4642 originem.
1346 4570 1431 4629 Fieri
1454 4573 1564 4645 potest

283 4686 321 4744 ut
343 4679 515 4741 Herondas
539 4676 586 4735 111
611 4679 630 4736 6
653 4689 700 4746 sq.
733 4670 904 4744 scripserit
935 4666 985 4726 καὶ
1014 4666 1070 4747 γὰρ
1096 4663 1163 4728 οὐδ’
1190 4666 1375 4748 ἀπαρκεῦσιν
1407 4671 1411 4747 l
1444 4671 1509 4731 cot
1535 4666 1560 4751 γ’

282 4774 457 4862 dovotae,
479 4776 672 4856 stuprantem,
696 4790 752 4849 pro
777 4776 905 4833 ametro
930 4770 971 4829 αι’
991 4767 1243 4849 ἀστρᾶγάλαι.

98 4918 126 4947 ,ι
236 4884 368 4959 hod.
391 4882 574 4947 causaest
596 4878 687 4939 nulla
711 4891 767 4935 cur
791 4889 865 4933 cum
890 4873 939 4933 111.
966 4869 1094 4949 ι’,κρόασο
1118 4870 1516 4954 1111111111111111ἠκροάσο.
