3502 5512
820 365 862 423 59

224 549 320 612 valde
360 552 443 612 mibi
484 553 617 627 quidem
651 551 862 613 abblanditur
897 551 984 626 prior
1020 550 1120 626 Angli
1157 509 1358 625 coniectura,
1392 550 1429 608 ut
1462 547 1503 620 εἰς

222 646 374 711 σἰττώλειαν
397 654 559 715 habeatur
582 669 639 729 pro
662 654 863 730 glossemate
887 653 1049 715 formulae
1072 649 1101 723 ἐς
1124 650 1263 730 κόρακας.

179 750 231 811 Pr.
255 752 331 813 201.
355 753 494 816 Frustra
517 755 567 816 Bl.
592 754 724 834 σύνειρε,
750 755 822 816 6611.
847 755 903 815 Ar.
928 754 990 814 Av.
1018 755 1114 815 1079.

180 851 230 913 Fr.
262 854 336 916 203.
367 855 495 931 Duplex
525 856 692 930 Blaydesii
715 859 887 917 tentamen
912 856 1040 931 iugulat
1062 852 1309 934 σαραύιόρθσσις
1331 850 1504 912 πιόντων

223 969 282 1029 pro
310 955 523 1031 πινόντων,
554 957 649 1033 quale
676 972 834 1033 praesens
863 959 914 1018 est
949 957 1189 1032 necessarium,
1221 956 1299 1029 quia
1329 954 1438 1029 agitur
1465 954 1504 1013 de

223 1055 351 1118 actione
381 1057 562 1119 identidem
597 1060 748 1135 repetita.
784 1059 993 1120 Sententiam
1023 1059 1135 1134 potius
1164 1072 1265 1132 quam
1288 1058 1362 1132 ipsa
1387 1057 1504 1131 poetae

223 1158 324 1219 verba
346 1159 463 1221 afferre
486 1160 618 1221 videtur
640 1162 888 1236 grammaticus.

178 1257 231 1319 i'r.
255 1259 330 1321 206.
354 1257 461 1340 ἄνδρες
484 1276 542 1337 pro
566 1263 670 1335 τταῐύες
695 1264 911 1339 expectabam
935 1279 1010 1324 cum
1034 1261 1221 1336 Blaydesio.

179 1359 330 1424 11201.
362 1363 483 1424 Tentat
506 1364 592 1425 idem
618 1379 683 1425 non
706 1362 854 1425 11161661
882 1361 996 1444 (γὰρ)
1021 1370 1187 1439 μονοσιτῶν
1214 1353 1339 1424 (ἐσθ’)
1366 1352 1507 1436 ἑκάστοτ’,

222 1461 296 1523 ἀλλὰ
318 1462 368 1524 καλ
389 1461 394 1542 Ι
415 1462 508 1525 ἐνίοτε
532 1464 662 1525 δειπνῶν
691 1463 810 1530 <toro
838 1464 884 1538 δὶς
906 1474 958 1543 τῆς
981 1461 1103 1544 ἡμέρας.

179 1568 231 1627 Fr.
256 1567 319 1627 207
334 1566 363 1628 b.
389 1560 446 1627 οὐκ
469 1563 684 1646 ὐκεχρησύμην
708 1567 782 1627 61116
806 1582 907 1628 causa
929 1567 979 1628 Bi.
1068 1630 1072 1636 ,

179 1670 230 1730 Fr.
256 1669 330 1745 209,
356 1669 387 1730 2.
411 1665 461 1727 καλ
483 1683 541 1744 pro
563 1665 621 1727 κάν
644 1669 741 1730 malit
763 1669 811 1730 Bi.
835 1670 957 1731 Eodem
981 1670 1051 1730 iure
1075 1682 1124 1729 vs.
1153 1669 1168 1726 1
1198 1665 1297 1727 scribi
1320 1664 1425 1740 possit
1447 1659 1505 1723 κάν

223 1785 281 1845 pro
304 1766 363 1828 καὶ.
388 1803 428 1813 -
453 1766 619 1830 κατέκειντο
643 1773 770 1832 temere
794 1772 893 1832 idem.

179 1870 231 1931 i'r.
257 1872 332 1932 209.
352 1871 401 1933 Bl.
421 1867 677 1944 stationaliter
701 1869 843 1951 (ὄρνις)
869 1869 998 1952 ἀλέκτωρ
1022 1868 1208 1950 <ὄρθριον>
1231 1866 1277 1928 ἀεὶ
1307 1869 1505 1945 προκαλεῖται.

223 1973 338 2033 Melius
356 1973 547 2048 scripsisset
565 1972 632 2032 αἰεὶ.
656 1975 768 2036 Placet
787 1971 915 2052 ὄρθριον
935 1990 993 2051 pro
1013 1968 1109 2052 ὄρθρι’
1131 1972 1266 2043 (inserto
1286 1986 1305 2031 a
1323 1968 1504 2041 Lobeclrio),

223 2076 261 2134 ut
283 2073 362 2134 dicit
384 2074 470 2135 solet
493 2071 619 2152 ὄρθριον
643 2074 740 2156 ᾅδειν,
759 2076 871 2136 11111166
896 2089 973 2135 vero
997 2075 1146 2135 additum
1171 2073 1243 2133 avis
1263 2073 1343 2133 adeo
1363 2071 1432 2132 noti
1451 2083 1505 2129 no·
1592 2150 1595 2155 ι

225 2175 307 2235 mini
330 2171 422 2253 ὄρνις.
445 2176 617 2236 Fortasse:

270 2274 302 2337 σὲ
325 2273 357 2337 dt
380 2277 534 2350 κοκκύζων
559 2277 655 2356 νόμον
679 2275 806 2358 ὄρθριον
830 2275 860 2351 ἐξ
883 2272 975 2354 εὐνῆς
997 2279 1186 2356 προκαλεῖται
1212 2270 1349 2353 ἀλέκτωρ.

182 2381 235 2441 Fr.
260 2381 336 2441 211.
396 2377 455 2440 ὅτε
478 2373 509 2439 δ’
534 2375 621 2457 11νὴ
646 2378 858 2458 συβώτρια,
880 2372 966 2456 μήδ’
993 2375 1096 2458 ἀγαθὴ
1119 2373 1234 2457 γενοιτό
1258 2396 1317 2452 μοι.

396 2479 454 2559 ἔχει
477 2477 509 2540 δὲ
532 2480 628 2558 μόνον
652 2481 818 2552 δακτύλους
842 2474 1031 2557 αὐλητικσύς.

227 2582 310 2659 Quin
345 2583 472 2644 lateant
506 2583 664 2660 trimetri,
699 2583 786 2643 haud
818 2582 954 2643 dubium
990 2596 1063 2641 esse
1098 2595 1180 2655 reor,
1220 2578 1298 2638 licet
1331 2577 1510 2637 dissentiat
1631 2607 1633 2611 ·

225 2685 340 2761 editor,
365 2686 457 2746 cuius
484 2686 692 2746 coniecturas
712 2679 857 2760 οὐτιδανὴ
877 2687 911 2745 61
929 2681 1037 2760 φωνὴν
1059 2688 1133 2757 (qua
1152 2681 1290 2742 tibicina
1306 2673 1351 2756 ἅμ’
1374 2676 1509 2738 αὐλοῦσα

225 2786 275 2846 uti
306 2801 371 2847 non
403 2789 544 2862 poterat)
568 2801 702 2861 prorsus
724 2786 883 2861 improbo.
909 2784 1061 2846 Alterum
1085 2786 1198 2844 autem
1222 2797 1354 2843 versum
1380 2779 1510 2855 egregie

225 2891 414 2950 correxerat
444 2889 591 2950 Meinelre
625 2887 799 2949 inserendo
829 2885 866 2946 οὐ
890 2890 965 2962 post
988 2885 1090 2964 μόνον.
1115 2886 1260 2946 Priorem
1284 2881 1510 2943 emendaturis

225 2988 468 3050 observandum
499 2989 667 3050 Pollucem
697 2988 896 3049 scribentem
921 2982 1104 3066 Ἐπίχαρμος
1135 2982 1166 3045 δὲ
1197 2982 1248 3044 καλ
1270 2979 1508 3059 ποιμενικὸν

225 3088 311 3168 μέλος
335 3089 496 3151 adicietur
520 3089 609 3169 φησί,
632 3090 760 3150 Πλάτων
785 3086 817 3149 δὲ
841 3086 857 3149 ὁ
880 3087 1010 3166 κωμικὸς
1038 3086 1089 3148 καλ
1113 3082 1336 3166 σνβωτικὸν
1360 3083 1508 3159 probabi·

222 3191 300 3253 liter
323 3193 385 3254 boc
408 3193 517 3268 ipsum
538 3192 738 3254 adiectivum
762 3191 847 3267 apud
866 3191 1037 3251 Platonem
1058 3190 1192 3265 legisse,
1219 3203 1295 3248 cum
1313 3185 1507 3261 praesertim

224 3308 290 3354 vox
319 3293 470 3372 σνβύτρια
501 3296 565 3356 6161
599 3296 680 3355 bene
704 3295 847 3355 formata
878 3307 1043 3367 nusquam
1075 3290 1153 3351 alibi
1182 3288 1247 3364 legi
1280 3287 1440 3362 videatur,
1474 3288 1510 3344 ut

223 3396 348 3457 frustra
371 3396 455 3471 apud
479 3397 615 3457 Latinos
635 3396 837 3470 quaesiveris
860 3394 1049 3456 subulca.
1074 3392 1143 3468 Qua
1162 3389 1391 3451 observatione
1410 3388 1509 3448 nixus

224 3511 386 3571 propono:
426 3496 600 3575 <μελύι1ρια
636 3491 714 3572 δ’),
752 3487 801 3555 οἷ’
840 3490 886 3554 ὄιν
927 3487 984 3577 {pil
1010 3487 1142 3572 σοβοοτίχ’
1181 3489 1284 3551 αὐλεῖν
1319 3483 1367 3567 ἥδ’
1405 3485 1509 3567 ἀγαθὴ

224 3593 339 3677 γένοιτό
374 3618 442 3674 μοι,
470 3593 483 3677 ΙΙ
506 3595 562 3676 ἔχει
605 3593 638 3658 δὲ
672 3595 767 3672 μόνον
795 3593 889 3660 (οὐ)
920 3596 1085 3666 δακτύλους
1117 3591 1304 3670 αὐλητικούς.
1336 3590 1509 3650 Utinam

226 3698 352 3760 haece
376 3700 476 3774 apta
499 3699 602 3759 mihi
626 3699 685 3758 sit
709 3697 892 3758 tibicina
916 3698 1150 3758 carminum
1175 3695 1507 3767 subulcicorum,

227 3799 356 3861 habet
389 3803 529 3860 autem
565 3800 655 3861 fere
689 3799 851 3874 digitos
887 3798 934 3859 ad
969 3812 1057 3859 eam
1099 3813 1183 3859 rem
1222 3797 1409 3855 idoneos.
1444 3793 1511 3853 Nec

226 3903 340 3962 tamen
374 3901 415 3964 de
449 3917 528 3962 vera
558 3901 694 3962 tibicina
724 3900 886 3962 eiusmodi
917 3900 1117 3975 carminum,
1150 3914 1233 3973 quae
1256 3897 1397 3959 fortasse
1421 3895 1512 3956 nulla

227 4017 373 4076 unquam
393 4002 499 4079 inere,
520 4003 578 4063 sed
598 4003 709 4078 potius
733 4002 772 4062 de
799 3999 946 4082 ὄομονσλοι
970 4002 1115 4074 quadam
1139 4015 1249 4061 sermo
1272 4013 1346 4060 esse
1370 3997 1510 4057 videtur.

225 4104 350 4179 Nempe
373 4103 433 4163 vix
455 4103 567 4165 dubito
591 4104 669 4178 quin
692 4103 801 4164 subsit
824 4102 972 4163 Platonis
996 4103 1106 4163 verbis
1136 4101 1304 4163 sententia
1327 4098 1510 4161 obscaenis-

227 4206 327 4282 sima,
358 4205 486 4265 scilicet
520 4200 536 4264 t
570 4203 662 4276 αὐλός
693 4204 739 4264 611
773 4203 976 4277 mentula,
1011 4218 1110 4277 quam
1134 4202 1247 4277 digitis
1270 4201 1341 4260 suis
1371 4213 1511 4259 movens

226 4306 356 4367 dicatur
385 4305 495 4381 puella
524 4300 662 4384 συβωτίχ’
698 4303 800 4364 αὐλεῖν
830 4301 944 4382 ἀγαθή.
978 4304 1129 4365 Indidem
1165 4302 1395 4378 explicandum
1426 4300 1512 4374 quod

226 4406 359 4482 Eupolis
389 4411 635 4485 γλαττοκομεῖον,
666 4422 749 4480 quae
780 4405 909 4481 proprie
933 4400 1027 4482 6611
1056 4405 1140 4481 θήκη
1163 4413 1222 4464 τῶν
1245 4401 1357 4478 αὐλῶν,
1379 4401 1513 4462 vocavit

227 4505 258 4568 τὸ
288 4511 463 4587 γυναικεῖον
493 4505 607 4585 μόριον.
632 4507 702 4567 Nisi
726 4507 844 4568 Pollux
867 4506 898 4565 X
925 4508 987 4567 154
1012 4507 1134 4566 diserte
1158 4505 1309 4566 moneret
1332 4501 1512 4563 Timoclem

228 4605 276 4668 1111
298 4617 352 4669 roo
375 4606 499 4688 ἀγγείου
521 4608 609 4669 idem
633 4607 831 4669 vocabulum
856 4608 1061 4684 adhibuisse,
1087 4608 1188 4668 etiam
1209 4606 1242 4667 in
1261 4606 1360 4666 huius
1378 4605 1417 4665 ir.
1439 4604 1511 4664 2Κ.

225 4710 428 4772 obscoenum
457 4709 569 4770 lusum
596 4709 782 4785 suspicarer
805 4712 938 4785 propter
963 4710 1099 4769 verbum
1125 4708 1318 4786 βαλανεύειν,
1342 4721 1404 4781 quo
1428 4707 1501 4767 iocu

226 4811 342 4874 lariter
375 4813 424 4873 uti
458 4811 603 4887 potuerit
633 4811 728 4884 quasi
758 4811 854 4871 ducto
878 4826 898 4871 a
921 4809 1052 4889 βάλανος
1085 4809 1239 4884 (glans).
1271 4810 1317 4870 At
1339 4806 1409 4868 fieri
1433 4823 1513 4868 sane

226 4915 352 4992 potest,
377 4916 415 4974 ut
437 4912 676 4988 grammaticus
700 4927 777 4973 eum
800 4911 909 4972 locum
933 4925 998 4972 non
1020 4909 1235 4971 intellexerit.
1256 4910 1423 4984 Blaydesii
1441 4924 1511 4968 con·
