3502 5512
786 364 827 422 35

149 553 201 612 Fr.
226 552 278 628 82,
304 553 356 627 83,
381 552 434 626 84,
463 552 516 625 85,
541 552 594 626 86,
620 553 662 610 89
698 550 786 610 haud
817 550 913 610 dubie
942 550 1162 624 grammatico
1193 550 1379 625 Phrynicho
1414 554 1467 612 tri-

195 652 325 713 buenda
346 668 434 729 esse,
458 652 516 712 sed
538 654 664 727 tragico
684 653 723 713 fr.
737 654 777 712 91
800 656 888 712 recte
908 651 1078 712 contendit
1096 650 1209 712 Nauck
1225 653 1296 714 Mel.
1310 653 1355 711 VI
1367 670 1397 728 p.
1411 655 1467 728 763

194 770 334 816 monens
363 754 402 815 fr.
432 757 474 817 84
505 755 667 830 Euripidis
701 769 774 815 esse
804 755 842 814 fr.
874 754 950 829 473,
978 755 1005 813 1.
1042 753 1153 828 Neque
1187 754 1220 814 in
1256 769 1330 816 sero
1364 769 1469 828 gram-

195 857 316 918 matico
340 858 514 932 quisquam
533 855 677 931 culpabit
699 850 921 932 ἀκροτειεύτιον
945 855 1070 915 dictum
1101 869 1158 928 pro
1181 850 1390 928 ἀκροτὲιευτον
1414 858 1472 916 aut

195 956 451 1038 ἆκροτελευιιιῖον,
473 958 558 1032 quod
582 955 730 1033 postulat
752 955 801 1016 Bi.

155 1159 407 1245 Aristophanis
436 1162 475 1222 fr.
507 1162 538 1237 8,
571 1161 601 1220 2.
636 1161 707 1219 Iino
739 1173 815 1219 vero
851 1153 1020 1236 ὡσπερεὶ
1054 1165 1199 1217 καινοῦ
1234 1158 1477 1238 λυχνούχου,

196 1264 281 1339 quod
304 1264 372 1324 iam
395 1263 443 1324 Bi.
468 1263 562 1323 video
586 1261 792 1322 emendasse.

152 1366 204 1425 Fr.
232 1366 283 1425 13.
307 1364 488 1425 Headlam:

799 1455 862 1522 εἶτα
884 1470 949 1533 πῶς
974 1461 1191 1541 δειπνήσομεν,

486 1569 519 1626 Β.
544 1564 664 1639 darom
688 1561 739 1624 διὰ
762 1563 871 1637 νυκτός
995 1628 998 1634 ,

197 1685 256 1744 pro
279 1668 363 1745 ἴσως,
384 1671 496 1730 minus
520 1669 601 1731 bene
624 1669 747 1730 addens
774 1671 853 1745 „aut
875 1669 972 1739 πῶς”.
997 1667 1077 1727 Mihi
1100 1682 1165 1728 non
1188 1667 1302 1742 liquet.

155 1771 205 1830 Fr.
233 1770 462 1832 14.cum131.
489 1771 619 1845 requiro
642 1769 903 1847 λυχνειδίοιν.
930 1842 933 1846 ,

154 1872 205 1933 i'r.
232 1875 282 1934 16.
307 1873 540 1948 Aristophanis
562 1875 672 1934 aetate
696 1873 836 1932 atticum
859 1872 931 1932 erat
953 1869 1133 1953 κλῃδίον,
1157 1886 1222 1931 non
1245 1870 1383 1930 κλειδίον.

156 1974 206 2034 Fr.
233 1975 283 2035 18.
429 1973 533 2054 γύναι,
554 1972 583 2033 τί
604 1971 637 2032 τὸ
660 1980 808 2049 ψοφῆσαν
832 1965 915 2045 ἐσθ’;
939 1973 971 2030 B.
996 1967 1164 2050 ἁλεκτρυὼν

435 2073 489 2152 τὴν
513 2073 620 2134 κύλικα
642 2071 873 2153 καταβέβληκεν.
896 2077 933 2132 Α.
958 2071 1183 2149 οἰμώζονσα
1207 2095 1254 2152 γε.

198 2177 329 2239 Brunck
359 2192 516 2252 praesens
547 2175 715 2252 οἰμώζουσι
747 2176 920 2236 insolitum
949 2189 1023 2235 esse
1048 2175 1099 2244 (ci.
1124 2174 1220 2250 Vesp.
1249 2177 1477 2237 1033=Paa

201 2281 276 2350 756)
307 2278 455 2339 sentiens
484 2279 554 2353 ipse
586 2279 702 2338 contra
729 2291 917 2337 sermonem
948 2277 1097 2351 peccavit
1120 2276 1287 2351 corrigens
1310 2276 1481 2354 οἰμώξοντά

199 2400 240 2459 γε.
271 2380 394 2441 Omnes
427 2379 491 2440 loci
525 2379 643 2452 quibus
672 2394 746 2453 pag.
781 2378 855 2438 297.
890 2377 938 2438 Bi.
971 2377 1128 2438 traditam
1160 2377 1337 2438 lectionem
1368 2381 1480 2439 tuetur

200 2484 313 2557 aperte
336 2481 400 2541 huc
423 2495 488 2541 non
511 2480 676 2555 pertinent
696 2481 825 2554 praeter
844 2493 947 2539 unum
966 2477 1108 2539 fortasse
1127 2480 1289 2540 Anaxilae
1306 2480 1423 2554 fragm.
1438 2481 1479 2540 24

200 2580 251 2642 καὶ
280 2581 355 2661 πρὸς
383 2579 431 2641 ἐπὶ
461 2581 576 2652 τούτοις
606 2579 731 2650 τιθασὸς
761 2579 896 2656 οἰμώζων
926 2570 1017 2656 ταῶς,
1047 2581 1086 2641 de
1117 2596 1181 2656 quo
1212 2580 1297 2640 infra
1326 2596 1385 2641 suo
1408 2580 1479 2642 loco

202 2683 396 2744 videbimus.
421 2683 573 2758 Suspicor
596 2684 709 2743 autom
728 2681 983 2756 Aristophanem
1006 2681 1135 2743 dedisse
1159 2681 1243 2755 quod
1267 2681 1345 2741 alibi
1367 2681 1401 2742 in
1421 2681 1481 2742 tali

206 2800 241 2846 re
264 2785 328 2845 dici
351 2784 437 2845 solet

828 2887 865 2942 A.
889 2878 960 2943 οὐκ
984 2883 1212 2961 οἰμώξεται;

203 2986 275 3048 coll.
307 2987 389 3046 Ran.
417 2987 478 3046 178
503 2990 536 3047 et
559 2986 709 3047 Menand.
735 2985 779 3045 IV
806 2987 869 3045 120
893 2986 951 3062 ia,
983 2989 1042 3047 aut
1071 2982 1118 3057 ὡς
1150 2984 1376 3063 οἰμώξεται,
1406 2987 1477 3048 ooli.

203 3089 243 3159 (si
265 3090 354 3149 recte
376 3087 527 3158 traditur)
551 3088 633 3148 Ran.
660 3089 734 3149 287.

158 3190 210 3250 Fr.
234 3191 286 3250 20.
312 3188 358 3250 Oi.
382 3189 615 3264 Aristophanis
637 3190 754 3264 fragm.
780 3185 916 3268 ἐμβαλὼν
938 3185 1066 3266 ἀχηνίαν
1089 3189 1123 3249 in
1147 3189 1267 3250 Lexico
1294 3190 1479 3251 Sabbaitico

202 3306 233 3366 p.
257 3292 288 3352 3.
317 3292 366 3351 17.
387 3324 427 3335 -
446 3291 727 3351 inconsideratius
754 3291 803 3351 Bi.
835 3305 954 3351 sanum
985 3290 1024 3351 ir.
1061 3291 1102 3350 21
1139 3290 1258 3366 triplici
1292 3291 1480 3352 coniectura

203 3392 350 3452 vexavit.

159 3492 210 3552 Fr.
235 3493 276 3552 22
301 3508 367 3553 non
390 3492 635 3554 sollicitandum
659 3508 732 3553 esse
759 3492 838 3553 olim
862 3493 957 3553 docui
981 3492 1099 3553 collato
1123 3493 1331 3569 Hippocratis
1354 3494 1425 3555 loco
1448 3495 1480 3554 II

204 3595 267 3655 347
293 3595 354 3664 (ed.
379 3594 479 3665 Erm.)
501 3601 609 3671 φακῶν
631 3591 681 3654 καὶ
701 3589 818 3673 ὀρόβων
841 3590 1060 3673 πεφρυγμένων
1084 3589 1192 3668 ἄλφιτα
1212 3593 1350 3672 καθήρας
1368 3591 1480 3655 ὁπόσον

202 3691 389 3774 ἡμιχοίνικον
430 3692 590 3774 ἑκατέρων,
631 3695 825 3772 ξυμφυρῆσαι
863 3691 956 3771 μέλιτι
989 3691 1038 3752 καὶ
1074 3690 1141 3766 ὅξεϊ.
1177 3695 1240 3770 Agi
1274 3696 1406 3757 videtur
1440 3697 1479 3758 de

202 3797 293 3872 aegri
316 3796 489 3857 medicina.
806 3840 809 3846 -

159 3897 210 3958 Fr.
234 3898 286 3958 24.
310 3897 356 3957 De
379 3894 477 3956 πόθεν
500 3918 556 3966 -;
579 3896 627 3957 Bi.
652 3896 708 3958 cit.
733 3897 772 3957 fr.
798 3897 881 3970 530;
910 3896 985 3957 Pac.
1011 3897 1062 3956 20.
1089 3898 1171 3970 521;
1204 3897 1355 3960 Pherecr.
1383 3900 1413 3975 5,
1439 3902 1478 3973 4;

203 3998 374 4073 Apolloph.
399 3999 431 4059 II
454 3999 519 4058 880
543 3998 602 4072 M.;
627 3998 745 4059 Aesch.
771 3997 881 4073 Suppl.
907 3999 981 4058 782.

159 4100 211 4160 Fr.
236 4102 288 4161 28.
313 4092 336 4159 ὦ
357 4100 457 4159 -σύ,
480 4100 528 4160 Bi.
553 4100 608 4161 cit.
626 4100 708 4160 Ran.
728 4101 811 4175 4653
836 4101 910 4160 Pac.
937 4100 1010 4160 182.
1035 4100 1196 4174 Anaxipp.
1222 4102 1253 4174 6,
1279 4103 1298 4160 4
1323 4102 1406 4171 (sine
1430 4091 1479 4176 ὦ),

204 4200 350 4276 Apollod.
374 4201 445 4263 Car.
470 4201 691 4272 1744051).
718 4201 806 4262 Gom.
828 4217 924 4262 anon.
945 4200 988 4259 IV
1012 4203 1076 4262 657
1098 4202 1173 4271 (Mt.
1200 4201 1291 4262 Adde
1311 4202 1393 4263 Nub.
1415 4203 1479 4262 375

204 4292 228 4361 ὧ
250 4301 348 4362 πάντα
378 4302 416 4363 σὺ
438 4307 562 4378 τολμῶν.
593 4303 696 4364 Abest
719 4303 756 4363 σύ
780 4302 861 4363 Nub.
889 4304 991 4376 1327;
1020 4301 1192 4377 Cephisod.
1220 4304 1254 4375 7;
1279 4302 1400 4376 Phryn.
1427 4303 1479 4376 33,

203 4419 285 4479 qnos
307 4403 397 4465 locos
419 4406 590 4479 praeterea
613 4405 694 4466 citat
717 4403 794 4465 huic
817 4403 957 4464 similes.

159 4506 211 4566 Fr.
237 4506 289 4565 27.
314 4506 398 4580 Apte
421 4506 470 4565 Bl.
495 4505 550 4565 cst.
576 4505 724 4582 Ποτάμιοι
746 4505 778 4565 oi
798 4505 997 4583 καθύπερθεν
1021 4507 1054 4565 et
1078 4503 1110 4563 oi
1130 4499 1297 4581 ὑπένερθεν
1321 4505 1354 4564 in
1378 4503 1480 4563 schol.

204 4607 301 4667 Hom.
333 4608 368 4664 Ψ
388 4608 464 4667 545.

160 4707 210 4768 Fr.
236 4708 288 4767 28.
312 4723 367 4766 σου
391 4723 449 4783 pro
472 4727 532 4767 που
554 4708 602 4768 Bl.
627 4709 698 4768 sine
721 4724 822 4770 causa
843 4707 971 4768 idonea.
999 4705 1046 4766 De
1069 4721 1105 4766 re
1129 4706 1252 4780 optime
1276 4706 1357 4766 citat
1380 4707 1481 4766 Arist.

204 4807 244 4867 H.
265 4807 302 4868 A.
326 4806 445 4868 VIIIA
477 4811 510 4868 et
539 4808 698 4870 Catonem
730 4811 815 4885 apud
845 4808 925 4870 Geli.
951 4807 988 4868 N.
1010 4809 1047 4868 A.
1073 4808 1088 4866 I
1116 4809 1166 4882 15,
1192 4807 1228 4882 9;
1261 4807 1302 4867 ad
1333 4806 1418 4888 κίστῃ
1440 4841 1477 4847 -

204 4913 456 4987 φαρμακοπαλῶν
479 4909 680 4986 Theopompi
703 4910 742 4971 ir.
769 4912 798 4970 2.
