3502 5512
817 374 879 434 169

236 560 485 621 dubitationem.
518 560 721 621 coniecturis
752 559 913 620 Headlam
944 557 1033 618 addit
1064 555 1401 630 Wyttenbachiunum
1432 548 1512 622 ιὶςὸ

237 659 294 733 δεῖ,
324 662 408 736 quod
432 662 494 737 ipsi
517 662 697 738 persuasit,
721 676 782 722 nec
804 660 955 734 displicet
978 659 1070 719 mihi.

192 762 244 822 Fr.
268 764 343 836 542,
371 764 398 822 l.
423 756 570 822 ἀδικοῦντ’
597 759 686 834 όιξίως
710 763 758 824 ΒΙ.
783 795 824 804 -
848 760 904 821 VS.
926 763 955 821 b.
980 756 1042 818 ἐπεὶ
1066 762 1135 829 (aut
1158 755 1209 827 ἔτι)
1233 757 1333 834 μεῖζον
1357 757 1455 816 idem.

192 863 241 922 Fr.
265 865 340 938 514,
366 865 396 926 2.
426 861 515 941 ἰχθῦς
550 864 612 940 Bi,
645 865 700 938 qui
731 879 796 926 uon
830 862 915 924 male
949 878 996 922 vs.
1023 865 1042 923 3
1075 861 1226 935 coniecit,
1260 859 1366 920 deleto
1394 856 1511 917 αὐτῶνι

235 960 383 1043 ἀκρασίαν
405 965 445 1024 ιώ
468 987 498 1025 τε
520 964 595 1025 πόδε
617 963 667 1025 καὶ
695 963 807 1042 (τὴν)
834 962 969 1044 γαστέρα.
993 965 1115 1039 Aperte
1139 963 1227 1022 enim
1251 976 1317 1021 non
1342 960 1449 1035 agitur
1473 960 1512 1019 de

238 1066 394 1139 Syrorum
426 1067 763 1144 incontinentia,
789 1068 846 1127 sed
871 1068 910 1128 de
934 1066 1045 1127 mala
1068 1066 1288 1124 humorum
1313 1063 1510 1122 mixtura.

236 1167 357 1227 Lenius
386 1171 498 1228 tamen
528 1168 591 1229 erit
617 1169 819 1230 remedium:
844 1165 993 1228 ἄτοπον
1017 1167 1113 1241 (quod
1138 1181 1194 1241 pro
1217 1161 1318 1222 adrev
1342 1163 1408 1222 iam
1433 1162 1511 1221 olim

236 1267 337 1335 suasi)
371 1265 518 1344 ἀκρασίαν
554 1268 647 1342 [τοὺς]
683 1268 781 1341 πόδας
815 1265 866 1328 ιιαέ
897 1265 1032 1348 γαστέρα.
1064 1268 1139 1327 Sine
1172 1266 1310 1326 articulo
1340 1262 1450 1337 ιιόδας,
1476 1266 1513 1323 ut

237 1368 435 1444 Antiphanis
458 1370 496 1430 ir.
525 1372 597 1447 102,
624 1373 654 1448 3,
688 1374 721 1432 et
750 1368 892 1450 γαστέρα,
922 1373 958 1431 ut
986 1368 1218 1444 Aristophanis
1241 1368 1279 1427 ir.
1304 1366 1384 1440 475,
1408 1379 1512 1438 neque

236 1470 371 1531 omnino
395 1471 441 1530 ita
464 1488 537 1532 raro
561 1482 671 1548 partes
691 1475 835 1548 corporis
854 1471 992 1533 articulo
1012 1474 1135 1531 careni.
1155 1470 1216 1529 Hic
1237 1468 1383 1529 conlusio
1396 1467 1512 1525 utrius·

236 1585 298 1642 que
321 1567 448 1647 ἀκρασία
472 1588 573 1634 causa
596 1574 671 1648 fuit,
693 1590 751 1634 cur
772 1574 841 1646 τοὺς
865 1574 1127 1648 interpolaretur.
1153 1571 1208 1631 Vs,
1234 1574 1263 1631 5.
1288 1570 1457 1628 καθιῑσαν7
1471 1601 1511 1611 -

237 1671 283 1730 Bl.
308 1673 341 1730 Si
364 1673 442 1746 quid
465 1675 677 1749 mutandum,
702 1675 774 1749 lege
798 1680 940 1734 καθίσαι.

192 1773 243 1832 Fr.
276 1776 350 1834 545.
394 1775 439 1835 De
481 1774 604 1837 infelici
646 1777 762 1838 Kockii
801 1777 986 1838 tentamine
1021 1775 1157 1836 omnino
1192 1774 1256 1834 vid.
1292 1772 1404 1833 Nauck
1440 1771 1512 1831 Mel.

238 1873 281 1933 VI
308 1890 338 1949 p.
371 1877 443 1937 118.

195 1976 243 2035 i'r.
268 1978 343 2051 546,
369 1979 387 2036 2
412 1993 460 2052 sq.
486 1978 621 2055 Egregie
645 1979 756 2040 Nauck
781 1979 852 2041 Mel.
873 1980 904 2038 11
923 1995 952 2053 p.
971 1982 1046 2055 335,
1069 1978 1141 2039 coll.
1163 1978 1254 2038 Dion.
1276 1978 1349 2037 Hal.
1369 1977 1455 2036 Hisi.
1470 1975 1513 2034 IV

237 2093 267 2151 p.
292 2077 367 2153 267,
393 2080 430 2139 9:

480 2178 530 2238 διδι
554 2178 608 2257 τὴν
630 2179 798 2251 λαλίαν(7)·
824 2178 893 2257 όρος
915 2179 972 2260 γὰρ
995 2177 1114 2252 αὔλειος
1137 2180 1220 2256 θύρα

481 2278 622 2364 ἐλευθέρᾳ
644 2279 767 2359 γυναικὶ
789 2280 1028 2357 νενόμισται
1052 2281 1150 2359 βίον.

235 2379 268 2439 in
293 2381 409 2454 quibus
434 2382 473 2443 de
496 2383 612 2458 primis
631 2386 760 2445 tantum
781 2383 890 2444 verbis
910 2399 991 2444 num
1012 2386 1101 2443 recte
1122 2383 1268 2443 coniecta
1288 2383 1356 2442 sint
1374 2380 1515 2440 dubitari

237 2484 355 2555 potest.
378 2478 468 2559 Ὅρος
503 2485 605 2544 ctiam
637 2484 737 2546 cobet
767 2486 964 2562 coniecerat,
990 2485 1048 2545 sed
1072 2485 1184 2545 Nauck
1209 2483 1418 2544 confirmavit
1442 2482 1512 2541 Phi·

237 2581 322 2642 lonis
345 2583 457 2643 ludaei
481 2585 551 2645 loeo
579 2586 609 2644 ΙΙ
632 2601 662 2660 p.
688 2586 762 2646 327.

195 2681 246 2742 Fr.
273 2684 348 2758 547,
373 2685 393 2744 8
417 2699 464 2759 sq.
489 2685 601 2746 Placet
624 2686 740 2747 Kockii
764 2687 992 2761 transpositio:

503 2782 643 2864 όνυμφος
667 2779 769 2863 οὗτος,
790 2785 974 2864 ἀνυμέναιος
997 2783 1141 2858 όθδιος
1154 2789 1190 2856 (7)

502 2885 694 2965 καταστροφὴ
717 2896 772 2968 γῆς
796 2882 950 2948 introiri?
978 2885 1009 2947 έν
1033 2891 1093 2957 τοῖς
1117 2884 1184 2946 ἐκεῖ.

235 2987 292 3046 sed
316 2988 422 3047 multo
447 2990 557 3049 minus
581 2990 729 3050 eiusdem
753 2991 942 3051 coniectura
965 2985 1093 3064 κάφιλής
1121 2988 1173 3048 vel
1204 2992 1336 3063 propter
1367 2988 1513 3047 additum

237 3086 300 3162 καί,
330 3103 390 3148 nec
414 3089 497 3149 mibi
520 3091 720 3164 persuadent
750 3106 832 3166 quse
856 3094 1026 3166 praeterea
1050 3090 1197 3150 coniecta
1219 3093 1310 3165 sunt,
1336 3088 1517 3163 exquibus

237 3189 347 3250 nescio
381 3206 423 3251 an
458 3191 622 3267 optimum
653 3194 698 3253 sit
729 3194 813 3267 quod
848 3193 875 3253 J.
890 3192 924 3253 (l.
938 3192 1055 3267 Nabar,
1093 3191 1256 3251 Samuelis
1291 3190 1426 3250 Adriani
1455 3188 1513 3262 ill,

236 3292 439 3365 excogitavit
460 3289 633 3369 ἀθάλαμος,
656 3294 778 3354 lectum
804 3294 936 3367 quidem
959 3308 1124 3367 nusquam
1149 3292 1206 3352 sed
1229 3291 1311 3352 bene
1337 3292 1516 3352 formatum

236 3391 443 3454 vocabulum.
464 3394 595 3455 interea
614 3395 688 3454 vide
709 3409 817 3456 annon
837 3395 916 3454 ferri
934 3395 1040 3469 possit
1060 3392 1215 3470 ἅθλιος,
1234 3393 1343 3454 addito
1363 3392 1514 3467 articulo,

236 3493 265 3551 si
288 3494 413 3553 omissa
438 3497 528 3556 omni
552 3496 764 3557 distinctione
792 3496 961 3571 legamus:

415 3590 555 3672 όνυμφος
579 3588 666 3668 οὗτος
690 3592 872 3673 ἀνυμέναιος
896 3595 1041 3666 ἅθλιος

413 3695 603 3775 καταστροφὴ
626 3705 681 3776 γῆς
705 3692 856 3757 introiri?
884 3692 1059 3768 (ἀποκαδεῑό
1087 3698 1171 3767 Bl.?)
1200 3695 1231 3756 έν
1255 3702 1315 3769 τοῖς
1338 3695 1406 3773 ἐκεῖ,

237 3797 310 3856 ie.
353 3814 483 3859 uxore
520 3800 838 3875 hymenaeoque
880 3815 1044 3875 carena,
1088 3801 1255 3873 patriae
1298 3800 1515 3875 pernicies

237 3898 303 3958 bic
327 3899 455 3961 miser
481 3905 658 3963 vocatur
680 3904 720 3963 in
745 3903 850 3963 iilia.
880 3902 962 3977 Quid
987 3902 1075 3961 enim
1100 3901 1176 3961 huic
1199 3901 1383 3962 sententiae
1407 3900 1516 3962 obstet

237 4013 301 4059 non
326 4001 431 4062 rideo.

194 4099 244 4159 Fr.
270 4101 344 4176 550,
371 4103 400 4161 2.
436 4103 607 4177 Virgulam
639 4104 726 4165 delet
756 4104 804 4165 Bl.
836 4105 1040 4178 coniungens
1069 4102 1185 4179 δαίμων
1211 4136 1250 4146 -
1274 4099 1400 4181 ἀγαθός.
1425 4104 1514 4164 Idem

236 4204 347 4261 utrum
368 4204 544 4265 Menander
564 4221 605 4265 ex
629 4207 770 4267 Senecae
794 4207 890 4282 epist.
919 4207 996 4281 110,
1022 4221 1062 4265 an
1088 4205 1141 4265 bic
1160 4221 1202 4266 ex
1225 4205 1281 4266 illo
1305 4205 1516 4280 corrigendus

233 4303 278 4362 sit
312 4305 460 4378 ambigit.
495 4307 562 4381 Ego
597 4308 675 4381 quin
710 4308 927 4381 praeferenda
956 4308 1001 4367 sit
1031 4307 1213 4381 elegantior
1243 4308 1411 4367 Menandri
1434 4323 1516 4380 quae

235 4404 376 4465 traditur
400 4406 498 4467 lectio
522 4407 715 4487 μυσταγωγός
737 4424 802 4469 non
827 4408 949 4470 dubito.

191 4505 241 4565 Fr.
267 4508 341 4566 551.
366 4503 523 4584 ἐννοητέον
544 4508 618 4569 θεόν
642 4524 758 4584 parum
782 4510 994 4586 probabiliter
1018 4510 1148 4571 Palmer
1172 4510 1256 4586 apud
1280 4510 1328 4572 Bi.
1350 4511 1514 4572 Coniectu·

233 4607 292 4682 ris,
318 4609 346 4667 si
366 4609 452 4669 tanti
476 4614 542 4686 est,
568 4611 650 4672 adde
672 4609 747 4670 θεὸν
775 4612 924 4674 <δοκῶ>.
947 4612 993 4672 De
1014 4612 1178 4686 personali
1199 4612 1277 4672 δοκῶ
1297 4614 1398 4674 etiam
1416 4615 1516 4674 attice

235 4714 392 4785 usurpato
416 4712 549 4785 saepius
573 4713 638 4773 iam
664 4713 787 4774 monui.

192 4808 241 4868 Fr.
267 4811 342 4884 553,
368 4813 398 4871 4.
436 4814 522 4872 Ante
557 4814 604 4874 Bi.
640 4817 752 4874 monui
788 4818 877 4875 recte
909 4816 1095 4876 Dobraeum
1127 4812 1166 4886 ὡς
1202 4816 1236 4875 in
1266 4813 1316 4875 καὶ
1352 4821 1514 4893 mutasse,

236 4912 378 4979 pessime
401 4913 563 4974 Kockium
588 4915 620 4974 in
644 4922 716 4991 σῶς,
746 4916 779 4975 et
803 4917 927 4976 temere
953 4917 1038 4976 bunc
1063 4916 1241 4977 coniecisse
1267 4917 1515 4997 προσλαμβάνεις.
