3502 5512
831 363 891 424 127

243 546 336 630 τούτῳ
359 567 391 626 γε
415 550 473 608 aut
495 546 575 631 aurp
598 569 631 627 γε
654 552 739 624 (posi
758 550 819 610 boc
839 565 1021 626 pronomen
1040 570 1072 628 γε
1092 550 1240 624 ineptum
1261 554 1333 625 est),
1352 567 1412 626 ego
1425 556 1521 614 teneo

243 650 391 709 veterem
414 649 637 711 coniecturam
661 647 742 733 αὐτῷ
767 649 804 710 σὺ
827 650 947 730 χαίρων.
970 685 1009 694 -
1035 650 1090 711 Vs.
1119 652 1169 711 10.
1195 649 1323 728 δίπυρον
1346 656 1402 722 (sc,
1420 649 1522 731 ἄρτον)

244 748 445 828 παραθήσεις,
476 749 536 833 ᾠὸν
564 747 888 829 ἐπιτετμημένον.
920 745 1109 828 Ἐπιτέμνειν
1139 754 1191 812 est
1221 767 1367 814 secare
1396 754 1437 814 in
1463 770 1522 815 su·

242 851 436 929 perficie,
469 867 573 926 neque
602 853 703 928 igitur
735 854 832 914 buius
863 853 935 915 loci.
967 855 1042 914 Iure
1072 854 1217 914 offensus
1239 854 1287 914 Bl.
1312 855 1450 916 coniecit
1479 846 1520 916 εὖ

242 949 496 1031 τετμημένον,
518 954 602 1028 quod
627 956 704 1029 qula
722 971 839 1030 parum
858 955 1023 1031 placebat,
1045 955 1187 1030 cogitavi
1210 956 1250 1015 de
1270 956 1459 1031 corrigendo
1478 956 1522 1015 ‘lv

243 1050 490 1130 τετμημένον.
514 1056 559 1116 At
581 1072 683 1117 unum
707 1073 807 1117 ovum
831 1058 861 1118 b.
882 1057 904 1118 l.
928 1072 1043 1133 parum
1069 1058 1208 1131 videtur,
1230 1071 1289 1116 nec
1312 1057 1395 1117 satis
1414 1058 1520 1121 defen·

241 1155 330 1216 ditur
348 1156 387 1217 ir.
411 1157 484 1233 174,
510 1157 539 1232 8,
562 1157 617 1217 ubi
636 1173 700 1219 non
720 1158 812 1219 cibus
831 1161 899 1234 esi,
920 1159 978 1219 sed
991 1159 1253 1233 condimentum,
1275 1158 1520 1235 neofr.127,5‚

242 1256 272 1315 si
302 1259 391 1318 recte
418 1257 463 1317 ibi
496 1274 612 1319 vocem
641 1261 781 1321 restitui.
812 1259 859 1321 cf.
891 1261 1091 1321 comicorum
1123 1260 1185 1321 loci
1209 1261 1242 1319 in
1266 1260 1386 1320 Iacobii
1410 1263 1520 1324 Indice

242 1373 268 1418 s.
293 1375 323 1419 v.
355 1357 423 1441 ᾠόν.
451 1359 656 1435 Quamquam
687 1362 796 1438 paullo
819 1362 950 1438 longius
974 1362 1090 1436 distat,
1116 1362 1313 1422 correxerim
1337 1363 1447 1436 potius
1470 1362 1521 1444 ᾠὰ

243 1458 545 1539 διατετμημένα,
575 1463 647 1524 sive
679 1462 767 1542 δίχα
796 1460 1024 1542 τετμημένα.
1056 1463 1103 1524 Cf.
1134 1463 1285 1523 Alexidis
1307 1462 1346 1523 fr.
1378 1464 1452 1537 261,
1480 1464 1520 1524 10

242 1560 310 1644 ᾠῶν
339 1557 477 1639 ήμίτομα.
511 1563 558 1624 De
589 1564 725 1639 reliquis
757 1565 797 1626 ci.
829 1566 878 1626 Bl.
910 1581 940 1641 p.
967 1566 1029 1626 162
1054 1580 1117 1640 sq,
1147 1565 1202 1638 qui
1234 1579 1281 1623 vs.
1309 1565 1349 1624 16
1380 1565 1521 1626 fortasse

239 1667 328 1725 recte
351 1664 490 1726 coniecit
513 1662 672 1745 ἄνθρωπε,
693 1667 787 1737 παῖζε.

196 1765 246 1826 Fr.
275 1766 347 1840 174,
373 1766 402 1825 3.
427 1760 601 1843 παρατιθίί
627 1782 685 1842 pro
709 1764 871 1845 παρελθὼν
891 1770 967 1844 apte
985 1767 1049 1843 Bl.‚
1072 1769 1105 1826 et
1125 1781 1172 1826 vs.
1195 1768 1214 1826 5
1236 1758 1320 1825 οίνον
1339 1782 1397 1842 pro
1420 1772 1521 1845 θρῖον,

240 1866 332 1926 cuius
367 1866 453 1926 mira
483 1870 536 1928 est
566 1868 599 1928 in
631 1868 751 1929 mediis
783 1868 1004 1930 condimentis
1028 1868 1163 1929 mentio.
1191 1901 1229 1910 —
1255 1867 1310 1928 Vs.
1336 1870 1366 1929 6.
1398 1867 1519 1947 γήθυον

239 1967 346 2038 (Mein.
370 1982 427 2042 pro
450 1965 579 2046 γήτειον)
603 1968 710 2030 forma
732 1971 887 2044 suspecta
910 1969 1099 2030 admodum.
1124 1968 1239 2029 Melius
1258 1968 1367 2029 locum
1387 1971 1520 2031 sanavit

241 2067 377 2131 Dobree.

196 2168 246 2229 Fr.
275 2172 347 2232 177.
371 2170 544 2250 σιτόκουρος
567 2188 587 2233 a
610 2176 689 2243 σῖτος
713 2175 747 2233 et
770 2170 878 2249 κείρειν
902 2175 990 2233 recte
1014 2172 1164 2233 derivare
1189 2172 1317 2231 videtur
1339 2171 1388 2232 Bl.

197 2271 247 2331 Fr.
275 2273 347 2348 182,
373 2274 403 2334 2.
428 2271 460 2333 ἓν
483 2277 595 2335 tuetur
618 2274 719 2335 Kock.
744 2274 870 2335 Mecum
896 2270 944 2333 ἐπὶ
967 2274 1150 2349 corrigente
1173 2274 1253 2333 facit
1274 2272 1322 2334 Bl.
1344 2307 1383 2316 —
1405 2273 1461 2335 Vs.
1486 2277 1516 2335 3.

243 2363 292 2449 ἦν,
311 2376 395 2448 quod
414 2375 449 2436 in
469 2369 523 2434 ἐστ’
544 2377 667 2436 mutari
684 2376 775 2437 iubet
794 2375 858 2451 Bl,
880 2376 1022 2436 fortasse
1041 2375 1238 2436 attractione
1258 2376 1441 2449 praegressi
1459 2373 1517 2435 ἔδει

241 2475 369 2536 defendi
391 2479 515 2552 potest,
539 2493 599 2538 nec
622 2478 847 2538 necessarium
868 2479 946 2552 puio
967 2470 1001 2536 δι’
1025 2474 1041 2536 i·
1059 2499 1085 2535 τι
1105 2478 1187 2536 vab
1207 2491 1265 2552 pro
1284 2473 1333 2534 διὰ
1346 2475 1380 2534 τί.
1400 2478 1519 2552 Magna

241 2576 274 2636 in
297 2577 420 2639 talibus
444 2594 517 2640 esse
541 2579 671 2640 videtur
693 2578 856 2639 scribendi
880 2579 1027 2639 libertas,
1050 2577 1097 2638 Cf.
1122 2594 1153 2639 v.
1178 2592 1204 2638 ο.
1232 2578 1305 2653 186,
1330 2580 1349 2637 3
1373 2581 1407 2639 et
1430 2581 1460 2638 4.

195 2677 246 2753 Fr,
275 2679 347 2756 183,
373 2681 404 2741 3.
428 2673 539 2757 μάλιστ’
565 2711 607 2721 -
630 2680 716 2739 πολύ.
740 2680 786 2740 cf.
811 2680 850 2740 fr.
877 2682 950 2755 156,
975 2683 994 2740 3
1019 2672 1126 2738 πλείον’
1152 2712 1189 2722 -
1211 2678 1298 2738 πολύ.

196 2778 246 2838 Fr.
274 2779 347 2855 186,
373 2782 402 2841 8.
439 2778 567 2859 οἰστέον,
600 2781 670 2842 scil.
702 2782 839 2842 domum
870 2797 887 2842 e
917 2782 986 2842 foro
1013 2781 1132 2841 venali.
1156 2781 1227 2841 Non
1251 2783 1303 2841 eat
1326 2795 1382 2841 cur
1405 2795 1515 2856 suspe-

238 2883 328 2941 ctum
361 2883 556 2943 vocabulum
587 2883 770 2944 habeamus
799 2899 874 2944 cum
897 2883 956 2960 Bl.,
982 2884 1036 2958 qui
1060 2899 1109 2943 vs.
1135 2884 1153 2943 7
1185 2882 1274 2942 male
1304 2884 1411 2943 tentat
1434 2903 1516 2959 περι-

236 2981 334 3054 πάσας
372 2999 429 3059 pro
460 2982 634 3060 ὑποπάσας,
668 2987 851 3061 composito
882 2985 1056 3060 aptissimo
1087 2987 1217 3059 propter
1248 2983 1431 3058 sequentia.
1468 2981 1515 3043 Oi.

237 3080 366 3155 ὑποθεὶς
388 3085 426 3146 fr.
454 3086 527 3162 188,
554 3087 583 3146 2.

193 3184 243 3244 Fr.
272 3186 344 3246 187.
958 3185 1106 3265 σηπίας
1129 3184 1247 3258 τόσας

461 3286 593 3366 δραχμῆς
617 3295 685 3363 μιᾶς
710 3285 799 3366 τρίς.
823 3286 879 3348 κτὲ.

236 3386 288 3447 Ita
307 3389 414 3449 editur
432 3404 449 3450 e
469 3388 753 3463 schweighauseri
773 3390 960 3450 coniectura
980 3404 1037 3464 pro
1058 3387 1162 3466 σηπίαι
1182 3387 1296 3459 τόσους.
1316 3387 1378 3448 Sed
1391 3389 1516 3462 respuit

236 3489 437 3550 comicorum
461 3505 571 3550 sermo
594 3488 679 3561 τόσος
702 3506 760 3564 pro
784 3488 913 3550 τοσόσδε.
938 3490 1052 3551 Procul
1076 3490 1175 3551 dubio
1199 3489 1442 3564 corrigendum:

959 3590 1102 3667 σηπίας
1126 3589 1268 3662 πόσας;

430 3694 521 3753 <Β.>
550 3690 682 3769 δραχμῆς
705 3700 774 3767 μιᾶς
798 3696 881 3771 τρεῖς.
905 3689 962 3750 ιιτὲ.

238 3791 345 3869 σηπίας
373 3790 427 3870 ἔχω
451 3793 503 3852 vel
534 3792 639 3870 σηπίαι
669 3791 750 3870 πάρα
781 3792 1013 3868 improbabiles
1043 3797 1121 3854 sunt
1152 3793 1200 3854 Bl.
1232 3793 1445 3866 suspiciones.
1471 3825 1512 3834 —

235 3894 290 3956 Vs.
306 3898 335 3956 6.
356 3895 447 3955 Idem
475 3889 595 3956 <αίί>
625 3891 803 3973 ἐπεισφὲρσ,
825 3895 928 3955 nimio
947 3894 1131 3970 molimine,
1152 3894 1259 3954 lenius
1282 3894 1370 3954 enim
1395 3893 1513 3968 corrigi

236 3999 347 4072 potest
376 3992 508 4056 είσιὼν
536 3992 626 4074 φέρω.
656 3996 756 4058 Recte
780 3997 871 4057 Kock
894 3993 942 4055 ἐπὶ
965 4003 1018 4056 τοῦ
1041 3995 1188 4074 ταγήνου,
1211 3996 1303 4056 cuius
1327 3995 1514 4056 coniectura

235 4095 360 4158 ἐπινέων
383 4101 532 4173 tempore
556 4102 683 4173 peccat,
708 4099 784 4173 quia
807 4114 889 4174 opus
913 4101 1002 4158 esset
1026 4098 1149 4158 aoristo
1172 4094 1324 4174 ίπινήσας.

190 4200 241 4260 Fr.
270 4201 341 4277 188,
367 4202 397 4260 3.
428 4200 465 4259 In
496 4200 633 4261 articulo
663 4201 733 4260 iure
755 4202 897 4261 haerens
919 4199 968 4260 Bl.
993 4199 1146 4274 proponit
1168 4194 1217 4256 καί
1241 4191 1336 4276 τρῖμμ’
1362 4196 1414 4257 vel
1438 4192 1511 4254 ἀπό-

233 4295 341 4379 τριμμ’,
373 4316 511 4374 quorum
546 4302 711 4376 posterius
746 4301 876 4361 facilius
906 4301 1015 4375 potuit
1046 4299 1134 4359 abire
1163 4299 1195 4357 in
1226 4296 1259 4357 τὸ
1282 4291 1375 4377 τρίμμ’
1402 4298 1512 4371 itaque

235 4403 494 4478 praeferendum.
522 4436 557 4442 ---
584 4401 640 4462 Vs.
666 4405 696 4462 b.
727 4402 790 4463 Hic
813 4416 940 4476 quoque
963 4397 1144 4477 καταβρέξας
1167 4400 1271 4487 latere
1299 4399 1428 4458 videtur
1451 4398 1511 4458 sub

233 4503 379 4579 πατάξας,
401 4506 437 4564 ut
460 4504 498 4563 fr.
527 4504 599 4563 133.
625 4505 643 4562 5
667 4503 849 4582 ιιατάβρεξον
872 4503 997 4563 conieci
1020 4517 1078 4578 pro
1102 4501 1252 4577 μάστιξον.

189 4606 241 4667 Fr.
269 4607 341 4683 189,
363 4606 392 4665 2.
418 4604 512 4665 Lusii
535 4604 599 4664 Bl:

524 4705 607 4765 ὕειον
630 4701 690 4782 ἡδὺ
714 4702 764 4765 καί
787 4700 853 4783 μάλ’
878 4702 1018 4784 εὔχυλον,
1040 4702 1121 4783 τέρεν

525 4805 597 4867 ὅταν
619 4805 738 4886 γένηται
762 4806 915 4886 θερμὸν
939 4802 1056 4866 ὀπτὸν
1080 4800 1217 4882 εἰσφέρω.

231 4915 368 4986 cogente
392 4913 497 4971 metro
520 4924 621 4985 pravo
645 4910 743 4968 utens
766 4908 941 4969 verborum
965 4908 1078 4968 ordine
1102 4920 1160 4980 pro
1185 4899 1277 4963 ὀπτὸν
1301 4902 1432 4983 θερμὸνί
