3502 5512
839 368 882 427 69

197 551 248 611 Fr.
273 551 293 610 3
317 566 375 626 pro
398 551 550 612 dimetria
574 554 777 615 catalecticis
801 552 1023 624 (dianetiav‘l)
1047 555 1147 615 habet
1169 555 1217 617 Bl.

197 653 247 713 Fr.
273 655 303 715 4.
327 653 398 713 Non
421 655 508 715 tanti
526 656 610 716 facio
629 655 808 716 Herodiani
826 656 1072 732 auctoritatem,
1093 659 1130 716 ut
1146 654 1301 734 κατέχτσαν
1313 673 1370 733 pro
1382 656 1521 737 κατέχεσα

242 752 415 833 (τατάχεσαν
435 756 690 833 dubitabundus,
711 758 768 818 sed
780 761 881 835 recte,
897 757 998 828 Kockl
1021 774 1141 819 sanum
1155 774 1228 820 esse
1241 761 1372 821 credere
1384 762 1520 835 possim.

197 858 249 918 Fr.
274 858 304 918 7.
339 858 552 936 κακοτεχνίζων
587 859 757 933 analogiae
791 860 994 920 adversatur.
1027 859 1126 921 Recte
1156 857 1233 919 κατὰ
1269 861 1415 938 τεχνάζων
1449 877 1521 923 con·

242 960 319 1020 iecit
342 959 464 1020 Nauck.

197 1061 249 1122 Fr.
277 1062 326 1121 10.
358 1062 546 1122 Priscianus
576 1063 898 1123 OTINGXEAONTI
925 1070 1022 1139 μῆνας
1051 1059 1139 1142 ἔγγὺς
1162 1068 1238 1141 τρεῖς
1262 1062 1349 1136 ὅλους
1370 1063 1374 1144 Ι
1396 1074 1521 1144 φρουρῶ

240 1162 293 1223 τὸν
322 1156 523 1239 Ἐνδυμίωνα.
558 1165 631 1225 Iure
661 1165 752 1226 Kock
783 1165 981 1226 addubitans
1009 1168 1141 1241 propter
1171 1166 1341 1227 insolitum
1374 1167 1521 1242 pleonas-

242 1280 334 1325 mum
368 1265 576 1327 lenissimam
611 1267 763 1327 Meinekii
799 1267 1018 1328 mutationem
1049 1263 1113 1343 ὁτιὴ
1144 1268 1249 1346 σχεδόν
1272 1291 1313 1341 τι,
1346 1269 1521 1329 violentius

240 1367 374 1442 corrigit
395 1362 654 1444 ὀνειροπολοῦντα.
678 1368 834 1443 Equidem
860 1368 992 1443 ambigo
1014 1373 1128 1430 utrum
1145 1373 1234 1431 recte
1253 1370 1333 1430 olim
1352 1370 1520 1431 elicuerim

241 1465 305 1546 iah
327 1469 391 1540 (vel
416 1467 459 1529 ὅτι
481 1467 544 1539 τὸν)
567 1468 705 1548 γέροντα,
729 1486 786 1545 an,
808 1471 893 1544 quod
913 1473 1028 1544 postea
1046 1473 1137 1531 venit
1156 1475 1189 1531 in
1210 1474 1359 1533 mentem
1379 1475 1413 1533 et
1435 1485 1522 1533 nunc

241 1574 435 1646 occupatum
455 1570 549 1632 video
562 1587 581 1631 a
592 1572 780 1647 Blaydesi0,
803 1572 949 1633 admisso
966 1573 1119 1633 Meinekii
1132 1574 1267 1634 invento
1280 1590 1337 1648 pro
1350 1571 1437 1652 ἐγγὺς
1449 1572 1522 1633 sub·

240 1675 379 1734 stituam
402 1669 470 1751 ἤδη.
495 1673 557 1733 illa
571 1676 686 1734 tamen
709 1673 815 1734 lenior
833 1674 918 1734 ratio
939 1673 1069 1734 videtur
1088 1675 1199 1749 itaque
1219 1677 1327 1749 magis
1345 1674 1521 1751 probanda.

196 1776 247 1836 kr.
273 1777 324 1835 14.
347 1775 434 1852 βοοῖν
456 1790 514 1850 pro
537 1776 618 1854 βοῶν
642 1775 802 1850 Mainake,
828 1775 989 1851 probante
1013 1776 1168 1837 Nauckio.
1192 1776 1323 1837 Dubito.

197 1877 248 1936 Fr.
274 1878 325 1937 lb.
360 1872 556 1952 ἀφανίζουσι,
583 1877 604 1937 i.
629 1892 657 1937 e.
687 1879 956 1953 consumunt,
989 1878 1130 1938 fortasse
1160 1881 1248 1940 recte
1276 1881 1388 1940 tuetur
1411 1878 1459 1939 Bl.
1484 1878 1521 1939 Ei

240 1979 437 2054 probabilior
459 1977 588 2039 videtur
610 1979 762 2039 Meinokii
785 1995 885 2054 quam
905 1979 1021 2040 Kockii
1045 1981 1242 2040 coniectura.

197 2081 249 2142 Fr.
276 2083 326 2142 19.
351 2081 530 2141 Prorsus
559 2080 804 2140 infeliciter
834 2097 905 2141 rem
930 2082 1037 2156 egisse
1063 2083 1197 2142 videbar
1221 2081 1358 2157 Kockio,
1385 2082 1520 2142 felici-

241 2186 305 2244 ter
335 2181 522 2257 Biaydesio,
552 2197 611 2242 nec
641 2198 721 2242 sane
751 2182 911 2257 hodieque
943 2184 1014 2243 eius
1044 2184 1251 2244 coniecturae
1281 2198 1335 2243 me
1359 2184 1520 2259 poenitet,

242 2285 350 2360 magis
372 2299 473 2358 quarn
497 2283 645 2357 dubiam,
667 2299 749 2358 quae
773 2284 835 2358 ipsi
860 2284 915 2343 vix
939 2284 1037 2344 dubia
1061 2284 1243 2358 videbatur,
1267 2286 1377 2344 ratum
1402 2284 1521 2345 violon-

242 2388 311 2447 tam
331 2387 435 2462 ipsius
458 2385 573 2446 Kockii
594 2385 829 2460 coniecturam,
851 2401 911 2446 nec
935 2386 1100 2459 persuasit
1122 2385 1205 2444 mihi
1225 2385 1386 2445 Headlam
1410 2401 1520 2461 propo-

242 2503 325 2550 nens
348 2485 491 2558 πλεκτοὺς
515 2501 573 2562 pro
596 2486 766 2560 πλείστους,
793 2488 876 2561 quod
899 2490 1026 2562 tamen,
1052 2487 1199 2548 admissa
1222 2488 1314 2561 gravi
1339 2488 1521 2548 mutatione

242 2589 411 2651 Kockiana
433 2592 493 2659 τοῖς
524 2592 637 2663 θεοῖσι,
667 2587 773 2648 multo
798 2588 926 2649 felicius
950 2588 1135 2649 coniectum
1166 2592 1218 2648 est
1243 2605 1341 2663 quarn
1364 2589 1522 2660 πελάνους.

242 2691 306 2752 Vix
337 2706 418 2766 opus
449 2693 500 2751 est
531 2705 665 2750 monere
697 2687 790 2765 ὄψον,
816 2691 845 2749 si
869 2693 958 2751 recte
982 2691 1030 2751 ita
1052 2692 1207 2766 rescripsi
1230 2707 1287 2766 pro
1311 2689 1397 2767 ὅσον,
1422 2706 1521 2751 sensu

241 2792 386 2868 generali
408 2793 448 2853 de
470 2792 646 2866 omnigeno
669 2791 817 2869 obsonio,
843 2792 939 2866 quale
963 2792 1033 2866 agri
1050 2792 1273 2866 producebant
1292 2793 1378 2862 (hinc
1398 2793 1523 2853 addidit

241 2887 306 2955 οἷον
328 2892 406 2965 εἰκὸς
429 2885 492 2971 ἦν),
520 2908 586 2954 non
611 2893 745 2968 speciali
769 2894 808 2954 de
831 2892 977 2968 piscibus
1001 2908 1074 2953 esse
1096 2894 1365 2968 intellegendum.

196 2997 247 3057 Fr.
273 2997 325 3056 20.
351 2995 463 3056 Placet
485 2995 652 3069 Blaydesii
677 2996 865 3056 coniectura
889 2993 1034 3072 στόματα
1058 3011 1116 3069 pro
1140 2993 1173 3055 τὸ
1197 2993 1299 3072 στόμα.

194 3097 246 3159 Fr.
272 3098 323 3158 22.
348 3092 381 3156 δὲ
404 3112 462 3172 pro
485 3120 512 3154 τι
535 3097 636 3172 idem,
672 3097 729 3156 vix
759 3100 858 3158 recte.
883 3097 992 3158 Verba
1015 3092 1062 3155 ὁδὶ
1077 3131 1114 3140 -
1134 3094 1212 3155 ἐστιν
1235 3097 1344 3171 posita
1368 3097 1521 3157 videntur

239 3195 291 3257 διὰ
317 3194 422 3274 μέσον,
451 3197 577 3271 reliqua
600 3199 714 3257 autem
737 3198 925 3258 cohaesisse
950 3212 1024 3258 cum
1049 3199 1264 3273 praegressis,
1290 3212 1396 3271 neque
1420 3196 1521 3270 igitur

241 3313 315 3360 esse
339 3298 532 3373 asyndeton.

196 3401 248 3463 Fr.
273 3402 325 3461 23.
349 3400 435 3475 Lege
458 3396 702 3481 σνγκατέκλῃσεν.
727 3401 849 3459 Locum
874 3400 955 3461 bene
979 3402 1217 3475 interpretatur
1240 3398 1345 3475 Kock,
1372 3415 1432 3460 nec
1454 3415 1521 3459 ma·

241 3502 292 3578 gis
315 3517 415 3577 quarn
440 3501 591 3562 lteinekii
616 3502 804 3562 coniectura
828 3517 910 3576 opus
940 3502 1069 3562 videtur
1092 3502 1312 3576 Blaydesiana
1337 3498 1523 3579 μνρτσαμένη

241 3600 420 3664 κατέκλινεν.

285 3703 397 3765 Alcaei
428 3704 664 3779 Pasiphaes
695 3704 893 3779 fragmentis
917 3720 934 3764 e
958 3704 1064 3765 lexico
1092 3705 1293 3765 Messanensi
1317 3704 1405 3765 Rabe
1428 3703 1521 3766 llius.

241 3806 345 3867 Rhen.
371 3805 423 3881 92,
449 3807 525 3875 405)
550 3805 674 3866 addidit
698 3806 815 3866 hocce:

285 3911 416 3980 Ἀλκαῖος
440 3907 597 3992 Πασιφάῃ·

469 4012 612 4093 Minorem
637 4005 697 4069 ἀλλ’
724 4009 829 4087 οἴμωζε
853 4009 966 4070 σαυτὸν
990 4008 1265 4089 περιθέμενος.

241 4110 296 4172 ubi
318 4108 517 4191 περιθέων
542 4112 623 4172 bene
647 4112 838 4173 emendavit
861 4113 961 4174 Kock.

197 4214 248 4276 Fr.
268 4215 322 4275 35.
345 4209 482 4273 ἅκνανττα
507 4229 565 4289 pro
589 4211 700 4273 ἄθικτα
724 4216 757 4274 in
781 4215 830 4275 Et.
856 4231 900 4275 m.
926 4215 1059 4288 corrigit
1084 4214 1131 4274 Bl.

196 4316 248 4376 Fr.
274 4316 316 4375 38
341 4315 515 4376 delendum
548 4331 621 4376 esse
652 4318 783 4378 monuit
807 4317 934 4393 Nauck,
967 4317 1186 4377 Alcmanis
1218 4317 1306 4375 enirn
1337 4329 1410 4375 esse
1438 4315 1476 4375 ir.
1501 4316 1521 4373 4

241 4417 358 4492 Bergk.
390 4418 556 4492 (Harpocr.
581 4433 611 4492 p.
636 4419 690 4494 95,
716 4419 769 4488 20)
800 4416 849 4477 uel
880 4416 953 4490 ναὸς
984 4415 1075 4497 ἁγνὸς
1106 4415 1246 4495 εὐαναγω
1270 4415 1444 4495 Σεράττνας,
1468 4415 1523 4475 ubi

241 4519 394 4580 Alcmani
412 4519 615 4579 reddendum
638 4518 809 4597 Θεράπνας,
829 4522 867 4579 ut
886 4521 1068 4595 antiquitus
1086 4519 1148 4594 ipsi
1168 4519 1313 4579 Lacones
1324 4518 1522 4578 scribebant·

197 4663 369 4731 Canthari
392 4667 430 4728 ir.
456 4669 485 4727 6.
510 4666 652 4740 Blaydes
677 4668 732 4728 cit.
757 4667 813 4728 Ar.
838 4669 919 4729 Ach.
947 4670 1042 4730 1199.

198 4813 331 4885 Dioclis
357 4819 565 4879 ΘΑΛΑΤΤΑ.
589 4818 684 4894 Apud
708 4819 920 4879 Athenaeum
953 4815 1052 4890 <ὡς>
1083 4818 1218 4879 Θάλαττα
1243 4819 1453 4880 coniecit-Bi.

199 4920 250 4982 Fr.
277 4923 307 4982 7.
330 4920 433 4981 τύντων
463 4921 497 4980 in
521 4918 624 4979 πίθων
649 4917 780 4996 refinxi,
806 4921 982 4996 plaudente
1006 4921 1071 4997 BL,
1097 4922 1152 4994 qui
1178 4922 1247 4997 ipse
1270 4937 1328 4997 pro
1353 4917 1526 4995 ἆθὲλδεται,
