3502 5512
978 330 1040 391 188

389 504 474 566 ritur
502 508 638 585 saltem,
669 513 706 571 ut
728 511 876 573 Meinelre
899 513 995 591 uidit,
1026 515 1259 590 superlativus.
1289 548 1322 558 --
1359 514 1416 575 Vs.
1441 514 1472 574 3.
1496 508 1516 591 dl
1538 527 1597 588 pro
1620 508 1671 572 καί

391 622 564 684 perperam
587 610 759 673 Headlam.

347 708 398 768 Fr.
426 709 476 786 10,
502 712 532 772 2.
564 710 707 773 Facilius
737 716 868 789 propter
899 730 1041 790 sequens
1065 717 1226 779 Athenaei
1254 708 1321 776 οίύα
1346 715 1470 776 excidit
1493 729 1513 774 a
1535 712 1600 774 fine
1623 710 1674 773 ὅδε

391 811 537 882 (Porsen)
557 828 656 888 quam
674 810 765 892 ἀκοος
778 815 863 892 (Bi),
884 817 969 890 quod
989 817 1206 879 nihilominus
1225 817 1411 880 sententiae
1431 814 1539 876 multo
1564 814 1675 890 aptius

391 913 530 974 videtur.
565 914 697 988 Aliquid
735 916 897 978 excidisse
932 920 1060 979 certum
1091 922 1156 995 est,
1189 921 1266 994 quia
1294 915 1555 994 λοπαδοοοφιοιής
1583 920 1675 977 caret

392 1015 543 1077 articulo.

348 1184 488 1272 Sophlll
513 1190 552 1253 ir.
578 1193 607 1268 3,
636 1193 663 1253 1.
689 1192 798 1253 Meum
821 1189 940 1272 σννεχὲς
964 1194 1079 1270 probat
1101 1194 1161 1271 BL,
1187 1196 1241 1270 qui
1265 1195 1320 1257 cit.
1345 1198 1401 1257 Ar.
1426 1195 1482 1268 aq.
1508 1194 1560 1253 21.

348 1292 402 1379 Fr,
424 1291 455 1365 4,
480 1292 511 1352 3.
535 1289 657 1370 ὑποχεῖν
681 1293 769 1354 male
792 1294 856 1372 Bl.,
888 1298 922 1356 et
944 1292 1181 1375 ἐπιδορπίοωμαι
1205 1297 1278 1357 sine
1301 1312 1403 1357 causa
1425 1296 1543 1356 idonea
1565 1309 1614 1355 vs.
1639 1297 1671 1354 5.

350 1392 400 1453 Fr.
425 1396 455 1468 5,
481 1394 511 1454 3.
659 1389 674 1453 l
698 1394 904 1473 πορνοβοσκὸς
926 1396 982 1477 γάρ
1007 1391 1033 1474 μ’
1060 1393 1120 1456 ὑπὸ
1143 1397 1341 1474 κνισολοιχίας

658 1495 771 1574 χορδήν
794 1491 860 1555 τινί
887 1496 1034 1575 αἱματῖτιν
1057 1496 1137 1581 αὐτῷ
1162 1496 1305 1558 σκευάσαι

661 1593 791 1657 ἐκέλευσε
814 1620 983 1675 ταυτιην
1006 1595 1080 1675 ἐμέ.

393 1698 537 1774 Recepta
560 1700 612 1758 est
635 1698 937 1774 Schweighaeuseri
962 1701 1149 1762 coniectura
1174 1698 1300 1777 ταυτηνί
1320 1720 1371 1777 με,
1393 1714 1475 1774 quae
1500 1714 1577 1760 vera
1600 1714 1675 1761 esse

394 1800 508 1873 nequit
527 1815 601 1860 cum
622 1802 752 1874 propter
772 1816 951 1874 pronomen
971 1801 1177 1863 indefinitum
1197 1824 1273 1879 τινα,
1288 1817 1371 1878 quae
1384 1800 1530 1863 excludit
1541 1802 1673 1863 demon·

393 1900 581 1976 strativum,
601 1901 673 1961 tum
693 1906 824 1977 propter
842 1903 1020 1977 repetitum
1039 1924 1083 1981 με.
1104 1903 1336 1979 corrigendum
1355 1902 1512 1964 arbitror:
1532 1904 1676 1986 ταντχί

394 2023 449 2076 τε,
475 2002 559 2062 sibi
583 2002 668 2076 ipsi
691 2005 733 2063 et
755 2004 889 2065 huice.

352 2103 403 2164 i'r.
428 2105 458 2178 8,
487 2105 514 2162 1.
540 2099 599 2161 ἐστι
627 2101 721 2179 <δὴ>
749 2104 798 2165 Β1.
822 2104 942 2165 Utrum
966 2105 1028 2167 hoc
1051 2121 1092 2166 an
1115 2103 1171 2185 χάρ
1194 2106 1352 2166 exciderit
1376 2104 1585 2181 quisdicat?

351 2204 401 2264 Fr.
426 2205 456 2263 9.
481 2198 887 2285 Β1.-ὀον·κχύθορχόν
910 2226 942 2285 γε
964 2229 1008 2266 τοι
1029 2201 1034 2286 λ
1055 2205 1107 2267 τὸν
1130 2203 1248 2285 γραφέα
1269 2206 1380 2283 ταύτης
1403 2202 1477 2282 φασί
1489 2204 1672 2286 γεγραφέναι

394 2302 464 2364 ποτέ
484 2303 489 2382 Ι
510 2303 580 2381 κτλ,
598 2323 681 2382 quae
701 2307 878 2368 Koclrianis
897 2309 977 2368 sunt
996 2307 1192 2369 violentiora
1210 2323 1270 2368 nec
1288 2307 1437 2385 meliora.
1457 2306 1593 2368 Placent
1605 2306 1673 2368 illa.

351 2464 495 2534 Sotadis
518 2469 557 2529 ir.
584 2473 612 2546 1,
638 2472 668 2532 6.
699 2468 807 2529 πνικτὰ
831 2485 889 2545 pro
911 2478 1004 2530 ταῦτα
1027 2471 1091 2547 Bl.,
1116 2471 1171 2545 qui
1190 2471 1277 2531 recte
1299 2469 1414 2530 scribit
1435 2465 1554 2551 ἐλᾴδιον
1577 2483 1628 2530 vs.
1654 2470 1672 2530 ‘l

395 2569 429 2629 et
452 2565 558 2653 ἐλᾳδίῳ
582 2586 631 2631 VS.
656 2572 708 2631 27.
733 2570 780 2632 Cf.
805 2570 891 2631 inira
913 2572 954 2633 ad
978 2586 1027 2632 vs.
1048 2572 1101 2632 32.
1122 2572 1214 2632 Idem
1233 2572 1317 2631 889
1337 2568 1417 2630 ἔσται
1436 2563 1465 2629 δ’
1487 2567 1519 2629 ἕν
1538 2568 1618 2651 ὃίλμφ
1631 2603 1672 2613 -

395 2668 452 2729 σὺν
482 2670 562 2748 χλόη.
584 2672 656 2733 Non
680 2673 774 2733 video
797 2672 1043 2733 necessitatem.
1069 2707 1110 2717 -
1139 2670 1195 2732 Vs.
1222 2673 1273 2733 12.
1296 2670 1522 2746 Proponebam
1546 2660 1580 2730 ai
1605 2668 1675 2749 ἔχει,

394 2770 570 2832 Β1.αύιίνο.
584 2807 624 2816 -
637 2774 692 2834 Vs.
710 2775 760 2835 13.
774 2774 864 2833 idem
877 2776 965 2834 reete
977 2773 1119 2835 fortasse
1130 2767 1318 2850 προστίθημ’.
1331 2806 1370 2815 -
1385 2772 1441 2832 Vs.
1458 2773 1508 2833 lb.
1522 2771 1571 2833 Bl.
1584 2767 1676 2849 ὀπτὴ,

395 2873 468 2932 coll.
492 2875 547 2933 Ar.
578 2874 617 2933 ir.
642 2874 717 2951 302,
743 2875 762 2933 3
793 2874 904 2947 Diud.;
936 2874 1053 2949 Metag.
1078 2876 1109 2934 Π
1135 2876 1216 2948 753;
1243 2873 1434 2935 Anaxandr.
1458 2873 1506 2933 111
1532 2873 1605 2933 184.
1629 2874 1676 2934 At

396 2974 557 3034 Athenaei
589 2975 686 3035 lectio
717 2973 811 3051 ὤφθη
842 2975 932 3035 ducit
963 2975 1003 3035 ad
1038 2972 1136 3052 ἑφθή,
1172 2975 1257 3050 quod
1291 2974 1433 3050 repperit
1466 2972 1599 3034 Dobree.
1633 3007 1674 3018 -

395 3074 451 3135 VS.
479 3076 529 3136 li.
557 3072 688 3136 ἀνθινὸν
711 3079 882 3152 suspectat
904 3076 953 3137 Bi.
978 3078 1022 3137 At
1045 3077 1085 3138 ci.
1111 3079 1151 3137 21
1173 3072 1383 3153 convocatio«.
1408 3108 1448 3119 -
1467 3073 1522 3135 Vs.
1548 3075 1601 3136 28.
1625 3073 1674 3135 Bl.

395 3170 503 3253 ἰχθύδι’
529 3175 629 3237 αὐτῶν
651 3175 721 3253 nrt,
747 3177 804 3238 sod
828 3175 928 3237 αὐτῶν
951 3178 1155 3239 sententiam
1182 3177 1282 3239 ordiri
1301 3177 1428 3250 nequit;
1448 3174 1570 3236 melius
1586 3175 1673 3236 idem

395 3275 560 3349 ἀποκνίσας
594 3277 702 3339 αὐτῶν.
738 3279 850 3341 Malim
885 3276 1052 3350 ἀποκνίσας
1085 3273 1106 3338 τ’
1144 3278 1273 3339 αὐτῶν
1306 3274 1362 3337 κτὲ.
1395 3311 1435 3322 -
1470 3277 1525 3338 Vs,
1559 3278 1601 3337 28
1625 3293 1675 3352 sq.

394 3376 430 3437 τὰ
452 3379 561 3458 κρανία
581 3373 586 3460 Ι
614 3375 764 3457 ἐμόλυν’
792 3378 913 3465 ἀλεύρῳ
939 3380 1114 3442 Neminem
1137 3381 1287 3441 haesisse
1310 3380 1422 3455 miror,
1442 3393 1520 3439 nam
1545 3379 1675 3453 inqui·

396 3495 495 3541 nare
526 3496 584 3555 pro
621 3496 902 3557 conspergere
938 3481 1001 3542 dici
1031 3483 1179 3558 potuisse
1210 3482 1285 3555 quis
1314 3495 1415 3540 sanus
1447 3479 1583 3556 eredat?
1613 3480 1676 3540 Ma·

395 3580 526 3658 gnifica,
558 3583 687 3657 siquid
710 3582 818 3659 video,
843 3582 981 3643 Sotades
1011 3583 1146 3643 dederat
1169 3576 1335 3659 ἐπύλνά,
1357 3596 1486 3642 memor
1509 3580 1677 3643 Homerici

395 3683 539 3743 παλύνειν
562 3681 689 3759 ἀλφίτου
713 3681 787 3767 ἀκτῇ
811 3684 868 3745 Od.
893 3682 970 3742 XIV
994 3685 1069 3743 429.
1095 3683 1255 3745 Similiter
1278 3699 1327 3743 vs,
1352 3683 1394 3742 29
1418 3683 1552 3757 scripsit
1573 3699 1676 3745 recor·

395 3785 493 3845 datus
526 3785 588 3845 loci
623 3785 681 3846 Od.
715 3785 741 3843 V
772 3786 847 3859 488,
878 3787 916 3844 ut
946 3784 1182 3844 animadvertit
1212 3784 1314 3845 Kook.
1339 3817 1377 3826 -
1405 3782 1461 3843 Vs.
1486 3785 1538 3846 26.
1572 3784 1677 3863 χήραν.

400 3885 543 3959 „Gallice
579 3901 627 3946 au
662 3885 859 3947 naturel''
883 3885 947 3962 Bl,
980 3886 1034 3958 qui
1064 3887 1153 3945 recte
1177 3900 1225 3944 vs.
1252 3886 1293 3945 30
1326 3881 1444 3961 ἀφύην,
1466 3886 1551 3960 quod
1574 3886 1676 3947 etiam

397 3987 559 4048 Kookium
588 3987 735 4048 uoluisse
766 3989 862 4048 docet
894 3988 991 4047 huius
1015 3986 1139 4047 notula.
1166 4021 1205 4031 —
1231 3987 1286 4047 Vs.
1312 3989 1365 4048 31.
1389 3987 1498 4058 ύύατος
1520 4019 1564 4029 -
1587 3987 1680 4064 πολύ,

396 4088 574 4148 multum
615 4104 761 4164 aquae,
799 4104 918 4164 graece
961 4088 1069 4162 paullo
1105 4088 1303 4149 insolentius
1343 4089 1467 4149 dictum
1502 4104 1560 4164 pro
1594 4088 1677 4163 ὕδωρ

396 4189 487 4263 πολύ,
509 4203 568 4249 nec
592 4193 704 4250 tamen
728 4191 801 4251 ideo
825 4188 889 4261 ύλις
912 4205 1091 4265 proponere
1115 4190 1302 4251 debueram.
1320 4225 1362 4230 —
1383 4190 1437 4249 Vs.
1458 4190 1511 4249 32.
1533 4187 1677 4264 corrige·

396 4291 473 4352 bam
496 4288 640 4372 κᾶλᾳάίου
660 4306 718 4367 pro
747 4288 798 4350 καί
821 4290 958 4367 πλείονα,
980 4306 1041 4352 nec
1064 4292 1220 4366 poenitet.
1247 4325 1286 4336 -
1311 4291 1367 4353 VS.
1393 4291 1436 4351 38
1459 4291 1538 4349 καίτοι
1561 4286 1677 4368 στρέφοι

397 4392 445 4453 Bl.
471 4393 516 4453 cf.
541 4408 643 4481 supra
664 4393 704 4453 ad
729 4393 878 4454 Alexidis
901 4393 941 4455 ir.
969 4394 1042 4453 116.

351 4551 531 4620 Timothei
555 4556 594 4616 ir.
621 4556 649 4631 1,
677 4557 705 4616 1.
737 4555 910 4617 Leniorem
934 4556 1238 4631 Schweighaeuseri
1262 4554 1500 4617 correctionem
1523 4546 1680 4630 duodeni,

396 4671 441 4716 sc.
466 4655 497 4715 τὸ
522 4656 651 4733 ἱμάτιον,
673 4659 785 4717 nescio
809 4672 852 4717 an
875 4658 995 4719 merite
1019 4657 1183 4734 praeierat
1205 4656 1254 4718 Bl.

351 4753 403 4815 Fr.
428 4758 458 4817 4.
496 4758 529 4817 Si
561 4774 677 4819 revera
706 4761 758 4819 est
789 4760 905 4820 comici
929 4759 1108 4835 Timothei,
1133 4758 1321 4819 necessario
1344 4760 1395 4818 est
1418 4755 1678 4832 paratragoedia.

398 4857 443 4918 Gi.
471 4860 586 4921 Kocirii
610 4863 736 4922 notam.
