3502 5512
857 394 896 455 17

257 573 373 635 11319
404 574 453 635 ed.
486 575 572 636 Erm.
598 608 640 618 -
663 575 867 656 γαστρώνιδας
896 592 954 652 pro
985 576 1174 656 γαστροιίδας
1205 582 1293 641 recte
1322 582 1412 642 Kock
1435 583 1534 653 (male

256 675 442 754 γαστρώδεας
465 677 528 754 Bt,
553 693 631 738 narn
654 677 832 757 γαστρώδεις
855 694 1009 754 graecum
1033 682 1095 748 est)
1116 680 1294 743 coniecisse
1318 683 1457 760 videtur,
1478 687 1535 746 vix

257 779 346 838 recte
376 793 434 852 pro
464 779 570 850 λεπτάς
600 780 754 859 στρεβλάς,
776 781 889 855 procul
913 781 1010 841 dubio
1033 781 1121 841 male
1144 782 1265 858 λευρᾶς,
1295 785 1378 858 quod
1409 787 1536 860 respuit

257 878 356 939 dictio
381 881 517 942 comica.
540 915 580 924 -
598 881 654 942 Vs.
677 883 695 942 7
721 880 801 953 ὅπως
820 878 866 940 ἂν
889 879 1124 961 ίιιλογίστως
1148 885 1220 944 sine
1246 899 1346 945 sensu
1370 887 1433 962 Bl.,
1458 887 1536 948 licet

257 977 337 1051 ὅπως
360 978 398 1040 dv
421 984 559 1044 suadeat
581 985 744 1045 scribendi
768 999 842 1044 mos
865 985 1074 1045 comicorum.
1096 985 1141 1046 At
1161 1002 1226 1046 vox
1246 981 1317 1046 αὔθ’
1331 987 1534 1063 absquepro·

256 1081 355 1146 babili
389 1098 489 1144 sensu
518 1087 686 1147 senarium
718 1087 849 1147 ordiens
880 1102 981 1161 grave
1007 1087 1057 1146 hic
1081 1088 1201 1148 vitium
1224 1089 1327 1150 latere
1351 1089 1535 1152 confirmet.

257 1184 323 1245 Nec
342 1187 456 1245 tamen
475 1188 558 1247 satis
578 1189 666 1249 recte
690 1188 907 1263 suspicareris
930 1184 976 1258 ὡς
997 1184 1043 1246 ἂν
1063 1178 1118 1248 ὧδ’
1145 1186 1358 1268 ἀνεκλογίστως
1371 1188 1442 1266 uti,
1461 1193 1538 1266 quia

256 1285 351 1357 οὕτως
375 1288 603 1361 requireretur.
628 1288 793 1364 Quaerant
814 1290 881 1350 alii.

212 1387 263 1448 Fr.
291 1389 363 1448 144.
388 1388 500 1450 Nauck
524 1391 673 1465 apposite
697 1392 776 1452 citat
800 1391 1071 1467 lexicographum
1096 1390 1332 1452 coislinianum
1353 1394 1393 1452 91
1419 1393 1536 1455 (laisiz

256 1488 288 1547 οἱ
307 1488 363 1568 γὰρ
388 1487 420 1548 ἐν
446 1492 664 1569 Ἀργιννούσαις
689 1495 757 1562 (sic)
780 1488 959 1569 ἡττηθέντες
983 1491 1221 1569 Λακεδαιμόνιοι
1244 1490 1293 1551 καλ
1317 1515 1362 1573 γυ
1371 1493 1462 1571 μνολ
1487 1495 1537 1555 καὶ

257 1587 367 1668 άπορυι
396 1592 542 1671 φυγόντες
570 1587 739 1654 Ἐτεονίκου
770 1591 1049 1671 παρακελευομένου
1073 1593 1176 1665 αὐτοῖς
1200 1593 1381 1669 φυλακάς
1413 1594 1537 1674 ἐχειν,

257 1690 307 1750 ἴνα
337 1691 378 1770 μη
401 1693 537 1755 λάθωσιν
560 1693 661 1766 αὐτοῖς
692 1692 835 1773 ἐξαίφνης
862 1694 1050 1767 ἐπιπεσόντες
1075 1700 1244 1774 Ἀθηναῖοι,
1267 1694 1467 1775 ἀπεκρίναντο
1491 1695 1536 1757 ὅτι

258 1794 307 1854 δεῖ
323 1794 393 1866 τοὺς
417 1794 550 1875 γυμνοὺς
574 1794 603 1868 ἐξ
626 1794 759 1875 ἀνάγκης
784 1795 948 1876 ἀγρυπνεῖν
973 1797 1023 1857 διά
1047 1797 1079 1857 τὸ
1103 1797 1193 1877 ῥῖγος.

212 1897 264 1958 Fr.
291 1898 364 1974 145,
390 1900 419 1959 2.
447 1897 571 1974 „depos
594 1899 734 1959 fortasse
758 1902 872 1960 tuetur
895 1900 993 1975 Soph.
1021 1900 1068 1961 Ill.
1095 1901 1192 1961 286”.
1216 1899 1340 1960 Nauck.
1360 1931 1404 1942 -
1423 1900 1479 1960 Vs.
1504 1903 1535 1961 6.

257 1995 302 2058 ἀεὶ
325 2015 383 2075 pro
408 1996 499 2079 ἀνήρ,
528 2001 612 2075 quod
642 1996 720 2079 ἀνὴρ
743 2003 889 2076 requirat
912 2002 1102 2076 articulum,
1128 2002 1266 2075 requirit
1289 2002 1352 2079 Bl.,
1377 2002 1436 2062 sed
1459 1999 1536 2080 ἀνήρ

256 2102 482 2175 praedicatum
505 2118 578 2164 esse
602 2105 729 2178 potest:
755 2095 842 2174 οὗτος
861 2093 900 2180 ι’γι
924 2100 1001 2180 ἀνὴρ
1024 2099 1172 2179 ἀποχρῶν.
1196 2135 1232 2143 -
1256 2103 1308 2163 Vs.
1336 2104 1386 2164 12.
1411 2104 1447 2163 Ο.
1461 2102 1535 2164 Gru·

257 2203 327 2262 sius
349 2201 466 2278 ,δεξιὸν
486 2207 521 2265 et
540 2201 694 2282 ἀριστερὸν
714 2207 831 2274 (κῶλον)
852 2204 974 2265 veteris
995 2205 1077 2264 artis
1096 2204 1243 2278 poeticae
1264 2203 1536 2264 vocabulaiuisse

258 2303 452 2379 intelligitur
475 2321 518 2365 ex
541 2305 730 2366 Aristotelis
757 2305 899 2379 Metaph.
924 2306 963 2363 N.
984 2307 1018 2380 6,
1039 2321 1069 2380 p.
1094 2306 1177 2365 1093
1198 2319 1227 2364 a.
1249 2306 1302 2364 26.
1328 2304 1533 2365 Versuum

258 2405 402 2478 priora
436 2406 528 2467 cola
562 2406 791 2466 secundum
833 2407 976 2466 modos
1015 2406 1202 2466 musicos
1236 2407 1366 2466 etiam
1401 2409 1534 2480 poste·

259 2507 371 2566 riore
394 2507 487 2567 loco
512 2510 687 2567 cantata
709 2521 803 2567 esse
827 2507 1048 2581 dicitpoeta.''
1064 2507 1169 2568 -Vs
1184 2509 1236 2568 22.
1256 2504 1400 2585 παρέσχεν
1419 2505 1535 2579 οὑτοσί,

256 2609 317 2676 τοῖς
348 2600 376 2664 δ’
410 2622 486 2667 cum
516 2607 662 2682 spondeo
688 2608 721 2667 in
754 2608 831 2668 sede
855 2610 912 2668 tta
935 2607 983 2667 Bl.
1009 2640 1050 2650 -
1074 2608 1130 2670 Vs.
1155 2610 1208 2669 23.
1233 2607 1295 2668 Pro
1317 2604 1399 2687 άγων
1421 2609 1534 2670 Nauck

257 2703 354 2782 εὑρών
387 2710 490 2784 recte,
525 2706 652 2787 εἰσάγων
686 2705 837 2785 ἀτραποὺς
872 2708 1059 2786 μυρμηκιοὺς
1098 2711 1186 2770 iusto
1220 2709 1377 2770 audacius
1410 2710 1459 2771 Βλ.
1492 2744 1531 2754 -

258 2807 314 2868 Vs.
329 2810 381 2870 24.
405 2806 463 2888 κῆν
486 2814 597 2881 (recte)
620 2808 741 2894 ἐπιτύχῃ
765 2812 836 2872 ελσε
859 2811 1057 2871 necessitate
1076 2810 1124 2870 Bl.
1141 2844 1179 2853 -
1194 2810 1249 2870 Vs.
1276 2812 1327 2872 25.
1352 2807 1482 2871 ἀπέδυσε
1504 2806 1529 2888 μ’

257 2905 400 2969 άνέλυσέν
423 2933 452 2971 τε
475 2912 595 2989 χορδαῖς
618 2911 735 2972 δώδεκα
757 2913 875 2973 malim
900 2927 976 2973 cum
999 2912 1125 2973 eodem.

213 3010 264 3071 Fr.
291 3013 364 3088 146,
390 3014 419 3073 2.
444 3013 485 3082 εἰς
508 3007 586 3073 πόλλ’
602 3047 642 3056 -
656 3013 814 3093 πράγματα
833 3015 906 3075 sine
926 3029 1027 3075 causa
1045 3013 1109 3088 Bl,
1134 3015 1189 3088 qui
1210 3012 1530 3074 cit.Nub.145‘l.-

259 3111 313 3174 Vs.
338 3115 369 3174 3.
393 3104 413 3191 ἦ
436 3131 493 3191 pro
517 3106 555 3192 ἦν
578 3116 768 3190 scripserim
790 3130 867 3177 cum
891 3116 1017 3176 eodem.

212 3212 263 3272 Fr.
292 3215 364 3291 147,
393 3218 420 3276 1.
452 3213 578 3294 ἀτεχνῶς
610 3217 662 3277 vel
694 3208 823 3296 edraiy'
851 3217 915 3287 (vel
939 3208 1024 3275 οότοί
1041 3209 1078 3294 γ’)
1110 3217 1188 3276 ante
1219 3213 1316 3292 ὥσπερ
1348 3216 1455 3291 suppl.
1481 3217 1530 3277 Bl.

257 3313 319 3375 Sed
338 3315 453 3376 eodem
475 3318 545 3378 iure
568 3318 766 3378 alterutrum
789 3321 848 3378 aut
870 3317 979 3399 κομιδῇ
1003 3319 1061 3377 aut
1084 3316 1172 3376 aliud
1195 3317 1296 3378 inseri
1320 3321 1431 3393 potest
1455 3324 1532 3379 aute

255 3412 293 3490 νὴ
316 3414 367 3474 τὸν
392 3411 453 3476 Δί’.
477 3419 616 3479 Prorsus
637 3419 773 3480 inutiles
796 3421 876 3480 sunt
899 3418 1087 3480 huiusmodi
1112 3419 1329 3480 coniecturae.

212 3515 263 3575 Fr.
290 3517 361 3578 148.
386 3519 434 3579 Bi.
460 3519 515 3580 cit.
540 3519 654 3580 Bubul.
679 3520 727 3581 III
752 3522 815 3581 228
840 3519 948 3597 βότρυς
970 3518 1094 3598 τρώγειν
1117 3516 1147 3590 ἐξ
1171 3518 1256 3580 οἴνου
1281 3517 1417 3595 συχνούς.

212 3614 263 3675 Fr.
290 3619 362 3679 150.
521 3617 626 3692 ἔξεισιν
650 3618 778 3698 άκρων
803 3622 892 3698 δεῦρο
915 3620 1053 3699 πέρδικος
1077 3619 1197 3694 τρόπον.

257 3715 356 3778 Oinoe
380 3726 494 3783 contra
516 3723 719 3784 comicorum
738 3739 835 3784 usum
856 3723 1016 3798 Meineke,
1045 3722 1173 3782 felicius
1207 3715 1255 3779 ἐπ’
1293 3718 1422 3799 ἄκραν
1457 3736 1529 3782 con·

260 3825 336 3888 iecit
359 3824 395 3885 0.
424 3823 572 3898 Orosius,
598 3824 671 3885 coll.
694 3826 749 3884 Ar.
774 3824 855 3887 Ach.
881 3825 956 3884 638.

211 3927 262 3986 Fr.
289 3927 362 3987 152.
386 3925 612 3986 Incertissima
634 3925 795 4000 quaedam
818 3927 929 3985 tentat
951 3924 999 3984 Bl.
1024 3940 1054 3999 p.
1080 3926 1131 3986 25.

210 4027 261 4086 Fr.
278 4028 350 4101 153,
365 4028 395 4086 3.
415 4024 503 4103 χίίτι
520 4027 632 4102 procul
644 4027 741 4087 dubio
753 4027 858 4087 voluit
869 4026 1013 4101 Dindori‚
1028 4041 1092 4086 non
1105 4023 1202 4102 χίίττι,
1214 4028 1251 4085 ut
1263 4025 1366 4086 edidit
1378 4025 1528 4086 Koch.-

254 4127 310 4186 Vs.
324 4130 355 4187 4.
369 4125 449 4208 αδτῷ
461 4143 519 4202 pro
532 4125 621 4198 αὐτὸς
635 4128 691 4188 vix
703 4131 793 4189 recte
805 4127 854 4188 Bl.
866 4161 902 4171 —
915 4127 970 4188 Vs.
986 4129 1036 4188 10.
1055 4125 1087 4186 ίι
1100 4125 1172 4210 οἴνῳ
1185 4126 1301 4186 στολίσι
1315 4141 1390 4187 cum
1403 4127 1528 4187 eodem.

298 4230 448 4289 Accessit
471 4243 513 4289 ex
535 4228 675 4303 Didymo
698 4229 814 4290 Milleri
837 4244 864 4288 s.
890 4244 920 4289 v.
945 4225 992 4286 έπλ
1015 4226 1133 4303 κόρρης.
1159 4226 1344 4304 Φερεκράτης
1368 4226 1506 4304 Χείρωνι·

412 4325 428 4388 δ
451 4323 479 4388 δ’
506 4328 633 4408 Ἀχιλεὺς
657 4320 696 4389 εὖ
720 4351 797 4400 πως
820 4326 869 4388 ἐπέ
892 4329 1001 4408 κόρρης
1025 4327 1118 4388 αὐτὸν
1142 4325 1300 4404 ἐπάταξεν,
1411 4403 1415 4410 ,

409 4429 481 4491 ὥστε
504 4439 566 4509 πῦρ
589 4427 745 4506 ἀπέλαμψε
767 4438 827 4489 τῶν
849 4428 984 4510 γνάθων.

253 4532 348 4593 Unde
371 4533 451 4593 olim
474 4533 588 4595 elicui:

412 4634 536 4711 Ἀχιλεὺς
560 4628 589 4694 δ’
614 4631 662 4693 tal
685 4632 794 4712 κόρρης
817 4631 910 4693 αὐτὸν
933 4631 1056 4704 εὐθὺς
1087 4622 1153 4693 (εὖ
1179 4631 1309 4708 μάλα)

410 4731 567 4811 ἐπάταξεν,
589 4734 661 4795 ὥστε
684 4743 745 4813 πῦρ
769 4731 926 4810 ἀπέλαμψε
948 4742 1007 4793 τῶν
1031 4733 1165 4813 γνάθων.

251 4835 372 4895 Parum
396 4836 485 4896 enim
507 4834 673 4911 proficitur
697 4835 811 4896 Kockii
834 4835 1091 4910 transpositione
1114 4824 1155 4893 εὖ
1179 4854 1255 4904 πως
1279 4827 1306 4891 δ’
1333 4834 1524 4910 Ἀχιλεύς,-

253 4938 383 4998 mutato
407 4933 500 4996 αὐτὸν
522 4937 556 4996 in
580 4934 649 5014 άμα.

1404 5038 1418 5082 2
