3502 5512
849 369 890 427 35

214 558 264 618 Fr.
289 557 341 633 82,
367 557 419 632 83,
445 558 498 632 84,
528 556 580 630 85,
606 557 658 631 86,
684 557 726 616 89
762 555 849 616 haud
880 555 976 615 dubie
1006 555 1225 629 grammatico
1256 556 1443 630 Phrynicho
1477 559 1530 617 tri·

257 657 388 719 buenda
410 673 497 733 esse,
523 656 580 717 sed
602 658 728 733 tragico
748 658 787 718 11.
800 659 840 717 91
863 661 952 717 10010
972 655 1141 717 contendit
1160 656 1272 716 Nauck
1288 658 1360 718 1101.
1374 658 1419 716 Vl
1430 673 1461 733 p.
1475 660 1531 732 76;

258 775 398 821 monens
427 760 466 820 11.
495 761 537 821 84
568 759 731 834 Euripidis
764 774 837 820 esse
867 759 905 818 11.
937 758 1013 833 473,
1041 759 1069 818 1.
1105 756 1216 832 Neque
1251 759 1284 818 in
1320 773 1394 820 sero
1428 774 1533 834 gram·

258 863 379 923 matico
403 862 578 937 quisquam
597 861 741 936 culpabit
763 856 985 937 ἀιροιελεύιιον
1008 859 1133 919 dictum
1165 873 1222 933 pro
1245 855 1454 933 ἀιοοιέλεντον
1477 862 1536 921 aut

258 961 515 1044 ἀκροιελενιαῐον,
537 963 623 1037 quod
647 960 794 1038 postulat
816 959 865 1020 Bi.

218 1164 471 1250 Aristophanis
501 1166 539 1226 ir.
571 1167 601 1241 8,
635 1166 665 1224 2.
699 1165 771 1224 imo
802 1179 879 1224 vero
914 1158 1084 1241 ὡσκερελ
1118 1170 1263 1221 καινοῦ
1298 1163 1541 1242 λυχνούχου,

260 1269 344 1344 quod
367 1268 435 1329 iam
458 1268 507 1328 Bi.
532 1267 627 1328 video
650 1266 856 1327 emendasse.

216 1371 267 1430 Fr.
296 1370 346 1430 13.
370 1369 552 1430 Headlam:

863 1459 925 1526 εἶτα
948 1474 1012 1538 πῶς
1037 1465 1255 1546 θειντνήσομενς

550 1574 583 1631 Β.
608 1569 728 1644 ὅττωςς
752 1567 803 1630 διὰ
825 1567 934 1641 νυκτός
1058 1633 1061 1637 ,

261 1690 320 1749 pro
342 1673 427 1750 ἴσως,
448 1675 561 1734 minus
584 1674 665 1735 bene
688 1673 811 1734 addens
838 1677 916 1749 „aut
938 1673 1035 1744 πῶς’.
1060 1671 1140 1732 Mihi
1164 1687 1228 1733 non
1252 1673 1366 1747 liquet.

218 1776 268 1836 Fr.
296 1777 346 1836 14.
371 1774 453 1837 (ium
477 1776 526 1836 Bi.
553 1776 683 1850 requiro
706 1772 966 1851 λυχνειδίοιν.

217 1878 269 1937 Fr.
296 1879 346 1939 16.
370 1877 604 1953 Aristophanis
626 1877 736 1937 aetate
759 1875 899 1936 atticum
923 1877 994 1936 erat
1017 1873 1197 1958 κλῃδίον,
1220 1891 1286 1936 non
1309 1876 1447 1936 κλιιδίον.

219 1979 269 2038 Fr.
296 1980 346 2039 18.
493 1977 597 2057 γύναι,
618 1977 647 2036 τί
668 1975 700 2036 τὸ
723 1983 872 2053 ψοφῆσαν
895 1970 978 2048 έσθ’;
1002 1977 1035 2034 Β.
1059 1971 1228 2054 ἁλεκτρυὼν

499 2076 554 2156 τὴν
576 2078 684 2139 κύλικα
706 2074 936 2156 καταβέβληκεν.
960 2081 996 2136 Α.
1021 2076 1246 2154 οἰμώζοντα
1271 2099 1317 2156 γε.

261 2182 393 2242 Brunck
423 2196 581 2257 praesens
611 2179 779 2257 οἰμώζοντα
810 2180 984 2240 insolitum
1013 2194 1087 2240 esse
1112 2179 1163 2249 (01.
1187 2179 1284 2255 Vesp.
1312 2181 1397 2241 1033
1411 2204 1452 2228 =
1466 2181 1540 2241 Pac.

264 2285 339 2352 756)
370 2283 519 2344 sentiens
549 2282 619 2356 ipse
650 2284 765 2342 contra
793 2295 981 2341 sermonem
1011 2281 1161 2355 peccavit
1184 2281 1350 2356 corrigens
1374 2280 1544 2359 ολμώξοοοά

263 2405 303 2464 γε.
334 2385 458 2445 Omnes
491 2383 554 2444 loci
589 2383 707 2457 quibus
737 2398 810 2458 pag.
844 2383 918 2443 287.
954 2383 1002 2442 Bi.
1035 2382 1193 2443 traditam
1223 2382 1401 2443 lectionem
1432 2386 1544 2444 tuetur

263 2488 376 2562 aperte
399 2485 464 2545 huc
487 2500 553 2545 non
575 2485 739 2560 pertinent
759 2485 889 2559 praeter
907 2498 1011 2544 unum
1031 2483 1172 2544 tortasse
1191 2483 1353 2544 Anaxilae
1370 2484 1486 2559 fragm.
1501 2485 1542 2544 24

263 2585 315 2646 καλ
343 2584 418 2665 πρὸς
448 2583 495 2646 Aa
525 2585 641 2657 τούτοις
670 2583 795 2656 τιθασὸς
825 2582 960 2661 οἰμώζων
989 2574 1080 2660 ταῶς,
1110 2586 1150 2646 de
1181 2600 1244 2659 quo
1275 2585 1361 2646 inira
1389 2600 1449 2647 suo
1472 2585 1542 2647 loco

265 2688 460 2749 videbimus.
485 2687 637 2762 suspicor
660 2688 773 2747 autem
791 2686 1047 2761 Aristophanem
1069 2686 1199 2746 dedisse
1222 2686 1306 2761 quod
1331 2686 1408 2746 alibi
1431 2687 1464 2747 in
1484 2687 1545 2748 tali

269 2805 305 2851 re
328 2789 392 2850 dici
415 2788 501 2849 solet

892 2891 929 2946 A.
953 2881 1024 2947 οὐκ
1048 2887 1276 2965 οἰμώξεται,

266 2991 339 3054 coll.
371 2991 453 3051 Rau.
481 2991 542 3051 178
567 2993 600 3051 01
624 2990 773 3051 Menand.
798 2989 843 3049 IV
870 2991 933 3050 120
957 2990 1014 3065 M..
1047 2992 1105 3052 aut
1135 2987 1181 3062 ὡς
1213 2989 1439 3068 οἰμώξεται,
1469 2992 1540 3052 0011.

266 3095 306 3164 (01
329 3095 418 3154 10010
440 3093 591 3161 traditur)
615 3092 697 3152 Ran.
723 3092 798 3153 287.

221 3196 273 3255 Fr.
298 3196 350 3256 20.
375 3193 422 3255 Gi.
446 3193 678 3269 Aristophanis
701 3193 818 3268 fragm.
843 3189 980 3270 ἐμβαλὼν
1002 3189 1129 3270 ἀχηνίον
1153 3193 1186 3253 in
1211 3194 1331 3254 Lexico
1358 3195 1542 3255 Sabhaitico

266 3312 296 3371 p.
321 3298 352 3357 3.
380 3297 429 3356 17.
450 3328 491 3339 -
510 3293 790 3355 inconsideratius
818 3294 867 3355 Bi.
899 3308 1017 3354 sanum
1049 3294 1088 3355 ir.
1125 3295 1165 3354 21
1202 3295 1321 3370 triplici
1355 3296 1544 3356 coniectura

267 3396 414 3456 vexavit.

222 3497 274 3557 Fr.
298 3498 340 3557 22
364 3512 430 3557 non
453 3497 699 3558 sollicitandum
723 3512 796 3557 esse
822 3497 901 3557 olim
925 3497 1021 3557 docui
1045 3496 1163 3556 collato
1186 3496 1394 3572 Hippocratis
1417 3499 1489 3559 loco
1511 3499 1544 3559 Ii

267 3599 331 3659 347
356 3598 417 3667 (ed.
442 3597 542 3667 Erm.)
565 3606 672 3674 φακῶν
695 3594 745 3657 καλ
764 3593 882 3676 ὀρόβων
904 3594 1124 3677 πεφρυγμένων
1147 3593 1256 3673 ἄλφιτα
1276 3598 1414 3677 καθήρας
1431 3595 1543 3660 ὁκόσον

265 3695 452 3778 ἡμιχοίνικον
494 3695 654 3778 ἑκατέρων,
695 3700 889 3776 ξυμφυρῆσαι
927 3695 1020 3775 μέλιτι
1053 3695 1103 3756 καλ
1138 3693 1205 3769 ὅξεϊ.
1241 3699 1304 3774 Agr
1337 3700 1470 3761 videtur
1503 3701 1542 3761 de

265 3801 357 3875 aegri
379 3799 553 3861 medicina.
869 3844 872 3849 <

222 3901 274 3962 Fr.
297 3902 350 3962 24.
373 3900 420 3961 De
443 3898 541 3960 κόθεν
564 3923 620 3971 -;
643 3901 691 3961 Bi.
716 3901 771 3961 cit.
797 3900 836 3960 11.
862 3900 945 3973 530;
974 3900 1049 3960 Pac.
1075 3900 1126 3960 20.
1153 3901 1235 3974 521;
1268 3901 1418 3962 Pherecr.
1446 3905 1476 3978 5,
1502 3907 1541 3975 4;

265 4001 439 4077 Apolloph.
463 4002 666 4076 1188011.;
692 4002 809 4063 Aesch.
835 4002 944 4077 Suppi.
971 4002 1045 4062 792.

222 4104 274 4164 Fr.
299 4106 352 4165 20.
377 4095 400 4162 ὦ
421 4104 521 4163 -ού,
544 4104 592 4164 Bi.
617 4104 672 4164 cit.
690 4104 771 4164 Rau.
792 4105 875 4177 405;
899 4104 974 4163 Ρο0.
1002 4104 1074 4163 182.
1098 4104 1260 4178 Anaxipp.
1286 4105 1316 4177 6,
1342 4105 1361 4163 4
1387 4104 1469 4174 (sine
1493 4095 1542 4179 ὦ),

266 4204 414 4280 Apollod.
438 4205 509 4266 Car.
533 4204 578 4264 IV
597 4207 662 4266 440
682 4206 755 4276 (Mi.
781 4204 870 4266 Oom.
891 4220 988 4265 anon.
1009 4204 1053 4263 IV
1076 4206 1139 4265 657
1163 4205 1236 4274 (Mi.
1262 4204 1355 4264 Adde
1374 4205 1457 4266 Nub.
1478 4206 1542 4265 375

267 4297 412 4365 dudm
442 4305 479 4366 ot
502 4309 626 4382 τολμῶν.
657 4307 760 4367 Abest
782 4306 820 4366 ού
843 4305 925 4365 Nub.
954 4307 1055 4378 1327;
1084 4305 1256 4380 Cephisod.
1283 4307 1317 4378 7;
1342 4304 1463 4380 Phryn.
1490 4307 1542 4379 33,

266 4423 349 4483 quos
370 4407 461 4469 locos
483 4410 654 4482 praeterea
676 4409 759 4469 citat
781 4406 858 4467 huic
881 4407 1021 4467 similes.

222 4510 274 4570 Fr.
300 4510 353 4569 27.
376 4508 462 4584 Apte
485 4509 534 4569 Bl.
558 4509 615 4569 eft.
640 4508 787 4585 Ποτάμων
810 4507 842 4567 οἱ
862 4507 1061 4587 καθύπερθεν
1086 4511 1118 4568 et
1142 4505 1174 4566 οἱ
1194 4502 1361 4585 ὑπένερθεν
1385 4507 1417 4566 in
1441 4505 1543 4566 schol.

267 4611 365 4671 Hom.
397 4612 431 4668 Ψ
451 4612 528 4671 545.

221 4712 274 4773 Fr.
299 4711 352 4771 28.
376 4725 431 4770 αον
455 4726 513 4787 pro
535 4731 596 4770 κον
618 4711 666 4770 Bi.
691 4711 762 4771 sine
785 4726 885 4771 causa
908 4711 1035 4771 idonea.
1065 4708 1110 4769 De
1133 4724 1169 4769 re
1193 4708 1316 4782 optime
1340 4709 1421 4769 citat
1444 4710 1545 4768 Arist.

266 4812 307 4872 H.
328 4812 366 4871 A.
390 4810 509 4871 VH14
540 4814 575 4872 et
603 4812 761 4874 catonem
793 4813 878 4887 apud
909 4811 989 4872 (1011.
1015 4811 1052 4870 N.
1073 4812 1112 4870 A.
1138 4811 1152 4868 i
1180 4811 1229 4885 15,
1255 4810 1292 4882 8;
1325 4809 1365 4869 ad
1397 4809 1481 4891 κίστῃ
1503 4843 1542 4850 -

267 4917 520 4991 φαρρακοκωλῶν
543 4912 743 4989 Theopompi
767 4913 806 4974 11.
832 4914 862 4972 2.
