3502 5512
855 365 902 413 vn

215 552 298 601 nene
319 535 401 617 iere,
433 541 470 601 ut
497 539 618 602 librum
646 540 751 603 obiter
773 541 961 618 inspicienti
983 542 1068 603 mihi
1089 542 1257 624 apparuit,
1281 559 1301 604 a
1323 536 1538 606 sollicitandis

215 665 366 726 codicum
399 667 585 743 scripturis,
621 667 668 728 ita
696 669 735 729 ut
765 667 825 729 sub
855 669 944 730 vitae
974 667 1089 744 finem,
1114 683 1213 743 quem
1235 668 1348 745 procul
1370 673 1536 732 remotum

214 792 283 852 fore
313 807 422 868 spero,
454 793 635 868 apristina
664 794 699 853 in
728 793 791 855 hcc
812 809 931 869 genere
953 793 1090 856 levitate
1113 794 1290 870 resipuisse
1313 810 1426 857 senem
1450 800 1535 858 octo·

215 918 348 993 genario
378 917 539 979 maiorem
570 918 653 979 milri
677 919 906 995 persuadeam.
930 920 1030 981 Novit
1052 921 1164 981 autem
1189 921 1239 982 vir
1262 922 1412 997 egregius
1435 938 1535 997 quan·

213 1047 327 1121 topere
361 1046 470 1122 ipsum
500 1045 636 1121 diligam
667 1049 767 1121 atque
799 1046 993 1122 suspiciam,
1026 1060 1132 1120 neque
1164 1047 1264 1121 igitur
1287 1063 1402 1110 vereor
1424 1064 1481 1127 ne,
1506 1052 1534 1112 si

214 1172 289 1248 quid
313 1173 367 1235 hic
388 1172 456 1233 illic
478 1172 512 1232 in
532 1173 593 1233 hcc
611 1187 707 1248 opere
726 1171 959 1234 inclementius
978 1172 1018 1233 de
1036 1173 1109 1233 eius
1127 1173 1365 1235 tentaminibus
1377 1175 1532 1253 iudicavi,

213 1299 294 1359 vitio
324 1299 355 1360 id
385 1299 469 1360 mihi
499 1314 655 1360 versurus
685 1299 739 1359 sit.
768 1298 905 1360 Amicus
935 1298 1025 1358 enim
1052 1298 1135 1358 mihi
1157 1298 1312 1375 Blaydes,
1344 1301 1401 1361 sed
1424 1301 1534 1377 magis

212 1424 321 1486 amica
344 1426 481 1502 veritas,
506 1440 606 1499 quam
629 1440 686 1501 per
709 1425 844 1500 longam
868 1425 973 1486 vitam
998 1425 1125 1501 etipse
1149 1424 1259 1486 coluit.

278 1551 396 1613 Restat
414 1553 452 1613 ut
482 1551 664 1613 successori
688 1567 763 1612 meo
786 1551 819 1611 in
842 1551 1042 1612 Professoris
1064 1565 1214 1627 munere,
1240 1551 1309 1611 viro
1330 1551 1533 1613 amicissimo

212 1676 240 1736 J.
265 1675 298 1737 Ο.
322 1676 482 1754 Volgraii,
518 1678 644 1753 gratias
678 1691 775 1765 agam
807 1691 907 1751 quam
942 1677 1109 1738 maximas
1143 1691 1202 1752 pro
1236 1676 1466 1739 benevolentia
1499 1681 1532 1740 et

211 1801 395 1880 diligentia,
421 1818 486 1878 qua
507 1803 542 1864 in
564 1804 663 1865 huius
686 1803 760 1864 libri
783 1802 927 1879 plagulis
950 1801 1151 1878 corrigendis
1173 1817 1228 1862 me
1251 1803 1387 1863 adiuvit.

279 2011 430 2061 Scribebam
447 2011 562 2062 Traiecti
581 2013 615 2063 ad
632 2012 766 2073 Rhenum,

333 2115 366 2150 m.
384 2101 503 2164 Augusto
520 2116 708 2154 annectens
