<?xml version="1.0" encoding="UTF-8"?>
<!DOCTYPE html PUBLIC "-//W3C//DTD XHTML 1.0 Transitional//EN"
    "http://www.w3.org/TR/xhtml1/DTD/xhtml1-transitional.dtd">
<html xmlns="http://www.w3.org/1999/xhtml" xml:lang="en" lang="en">
 <head>
  <title>
</title>
<meta http-equiv="Content-Type" content="text/html;charset=utf-8" />
  <meta name='ocr-system' content='tesseract 3.04.00' />
  <meta name='ocr-capabilities' content='ocr_page ocr_carea ocr_par ocr_line ocrx_word'/>
</head>
<body>
  <div class='ocr_page' id='page_1' title='image "./collectaneacrit00herwgoog_0062.png"; bbox 0 0 3502 5512; ppageno 0'>
   <div class='ocr_carea' id='block_1_1' title="bbox 814 353 854 410">
    <p class='ocr_par' dir='ltr' id='par_1_1' title="bbox 814 353 854 410">
     <span class='ocr_line' id='line_1_1' title="bbox 814 353 854 410; baseline 0 0"><span class='ocrx_word' id='word_1_1' title='bbox 814 353 854 410; x_wconf 88' lang='lat'>41</span> 
     </span>
    </p>
   </div>
   <div class='ocr_carea' id='block_1_2' title="bbox 170 534 1507 4962">
    <p class='ocr_par' dir='ltr' id='par_1_2' title="bbox 171 534 1495 819">
     <span class='ocr_line' id='line_1_2' title="bbox 171 534 1495 612; baseline -0.001 -19"><span class='ocrx_word' id='word_1_2' title='bbox 171 534 223 595; x_wconf 92' lang='lat' dir='ltr'>Fr.</span> <span class='ocrx_word' id='word_1_3' title='bbox 248 534 323 596; x_wconf 92' lang='grc'><strong>271.</strong></span> <span class='ocrx_word' id='word_1_4' title='bbox 350 535 558 611; x_wconf 80' lang='lat' dir='ltr'>„Fuphoniae</span> <span class='ocrx_word' id='word_1_5' title='bbox 581 539 689 612; x_wconf 81' lang='lat' dir='ltr'>gratia</span> <span class='ocrx_word' id='word_1_6' title='bbox 710 536 843 596; x_wconf 77' lang='grc' dir='ltr'><strong><em>πτίσσειν</em></strong></span> <span class='ocrx_word' id='word_1_7' title='bbox 867 538 1019 599; x_wconf 79' lang='lat' dir='ltr'>dicebant</span> <span class='ocrx_word' id='word_1_8' title='bbox 1041 539 1144 599; x_wconf 86' lang='lat' dir='ltr'>Attici</span> <span class='ocrx_word' id='word_1_9' title='bbox 1167 540 1205 598; x_wconf 93' lang='lat' dir='ltr'>ut</span> <span class='ocrx_word' id='word_1_10' title='bbox 1223 537 1386 596; x_wconf 78' lang='grc' dir='ltr'><strong><em>πατάσσειν</em></strong></span> <span class='ocrx_word' id='word_1_11' title='bbox 1404 534 1495 594; x_wconf 81' lang='grc' dir='ltr'><strong><em>πτύσ-</em></strong></span> 
     </span>
     <span class='ocr_line' id='line_1_3' title="bbox 216 636 1472 716; baseline 0 -23"><span class='ocrx_word' id='word_1_12' title='bbox 216 640 324 695; x_wconf 77' lang='grc' dir='ltr'><strong><em>σεσθαι</em></strong></span> <span class='ocrx_word' id='word_1_13' title='bbox 347 639 432 698; x_wconf 80' lang='lat' dir='ltr'>ete.”</span> <span class='ocrx_word' id='word_1_14' title='bbox 456 638 505 699; x_wconf 92' lang='lat' dir='ltr'>Bl.</span> <span class='ocrx_word' id='word_1_15' title='bbox 530 639 574 698; x_wconf 78' lang='lat' dir='ltr'>Ar</span> <span class='ocrx_word' id='word_1_16' title='bbox 596 637 757 697; x_wconf 80' lang='grc' dir='ltr'><strong><em>πατάσσειν</em></strong></span> <span class='ocrx_word' id='word_1_17' title='bbox 781 639 921 699; x_wconf 81' lang='lat' dir='ltr'>atticum</span> <span class='ocrx_word' id='word_1_18' title='bbox 944 655 1009 700; x_wconf 89' lang='lat' dir='ltr'>non</span> <span class='ocrx_word' id='word_1_19' title='bbox 1033 643 1097 715; x_wconf 83' lang='lat' dir='ltr'>est,</span> <span class='ocrx_word' id='word_1_20' title='bbox 1125 640 1183 700; x_wconf 84' lang='lat' dir='ltr'>sed</span> <span class='ocrx_word' id='word_1_21' title='bbox 1205 639 1316 716; x_wconf 80' lang='grc' dir='ltr'><strong><em>παίειν,</em></strong></span> <span class='ocrx_word' id='word_1_22' title='bbox 1336 636 1472 708; x_wconf 78' lang='grc' dir='ltr'><strong><em>πατάξαι.</em></strong></span> 
     </span>
     <span class='ocr_line' id='line_1_4' title="bbox 171 736 1495 819; baseline 0.001 -24"><span class='ocrx_word' id='word_1_23' title='bbox 171 736 223 796; x_wconf 89' lang='lat' dir='ltr'>Fr.</span> <span class='ocrx_word' id='word_1_24' title='bbox 248 737 323 798; x_wconf 98' lang='grc'><strong>272.</strong></span> <span class='ocrx_word' id='word_1_25' title='bbox 355 737 522 800; x_wconf 90' lang='lat' dir='ltr'>Verumne</span> <span class='ocrx_word' id='word_1_26' title='bbox 551 740 598 800; x_wconf 86' lang='lat' dir='ltr'>sit</span> <span class='ocrx_word' id='word_1_27' title='bbox 626 740 786 801; x_wconf 85' lang='lat' dir='ltr'>traditum</span> <span class='ocrx_word' id='word_1_28' title='bbox 816 744 908 818; x_wconf 79' lang='grc' dir='ltr'><strong><em>χαρει·</em></strong></span> <span class='ocrx_word' id='word_1_29' title='bbox 926 756 968 801; x_wconf 92' lang='lat' dir='ltr'>an</span> <span class='ocrx_word' id='word_1_30' title='bbox 991 740 1076 819; x_wconf 81' lang='grc' dir='ltr'><strong><em>χώρει</em></strong></span> <span class='ocrx_word' id='word_1_31' title='bbox 1101 741 1227 812; x_wconf 77' lang='lat' dir='ltr'>(Naber)</span> <span class='ocrx_word' id='word_1_32' title='bbox 1250 742 1284 801; x_wconf 95' lang='lat' dir='ltr'>in</span> <span class='ocrx_word' id='word_1_33' title='bbox 1308 740 1370 800; x_wconf 87' lang='lat' dir='ltr'>hac</span> <span class='ocrx_word' id='word_1_34' title='bbox 1391 738 1495 798; x_wconf 85' lang='lat' dir='ltr'>brevi·</span> 
     </span>
    </p>

    <p class='ocr_par' dir='ltr' id='par_1_3' title="bbox 214 840 711 915">
     <span class='ocr_line' id='line_1_5' title="bbox 214 840 711 915; baseline 0.008 -18"><span class='ocrx_word' id='word_1_35' title='bbox 214 840 284 898; x_wconf 89' lang='lat' dir='ltr'>tate</span> <span class='ocrx_word' id='word_1_36' title='bbox 307 854 372 899; x_wconf 92' lang='lat' dir='ltr'>non</span> <span class='ocrx_word' id='word_1_37' title='bbox 396 844 508 915; x_wconf 88' lang='lat' dir='ltr'>potest</span> <span class='ocrx_word' id='word_1_38' title='bbox 530 841 711 902; x_wconf 87' lang='lat' dir='ltr'>diiudicari.</span> 
     </span>
    </p>

    <p class='ocr_par' dir='ltr' id='par_1_4' title="bbox 170 937 1497 1407">
     <span class='ocr_line' id='line_1_6' title="bbox 170 937 1497 1020; baseline -0.001 -23"><span class='ocrx_word' id='word_1_39' title='bbox 170 937 223 998; x_wconf 89' lang='lat' dir='ltr'>Fr.</span> <span class='ocrx_word' id='word_1_40' title='bbox 248 937 322 1015; x_wconf 93' lang='grc'><strong>278,</strong></span> <span class='ocrx_word' id='word_1_41' title='bbox 350 941 378 999; x_wconf 95' lang='grc'>1.</span> <span class='ocrx_word' id='word_1_42' title='bbox 414 941 476 1002; x_wconf 86' lang='grc' dir='ltr'>Ρεο</span> <span class='ocrx_word' id='word_1_43' title='bbox 506 939 584 1001; x_wconf 76' lang='grc' dir='ltr'><strong><em>ἔστιν</em></strong></span> <span class='ocrx_word' id='word_1_44' title='bbox 615 942 725 1020; x_wconf 81' lang='grc' dir='ltr'><strong><em>κρίσεις</em></strong></span> <span class='ocrx_word' id='word_1_45' title='bbox 756 942 861 1019; x_wconf 87' lang='lat' dir='ltr'>Kock‚</span> <span class='ocrx_word' id='word_1_46' title='bbox 893 941 968 1002; x_wconf 89' lang='grc' dir='ltr'><strong><em>είσίν</em></strong></span> <span class='ocrx_word' id='word_1_47' title='bbox 988 943 1036 1003; x_wconf 89' lang='lat' dir='ltr'>Bl.</span> <span class='ocrx_word' id='word_1_48' title='bbox 1070 942 1218 1004; x_wconf 87' lang='lat' dir='ltr'>coniecit.</span> <span class='ocrx_word' id='word_1_49' title='bbox 1252 943 1406 1002; x_wconf 80' lang='lat' dir='ltr'>Fortasse</span> <span class='ocrx_word' id='word_1_50' title='bbox 1433 938 1497 998; x_wconf 82' lang='lat' dir='ltr'>fuit</span> 
     </span>
     <span class='ocr_line' id='line_1_7' title="bbox 215 1036 1495 1125; baseline -0.001 -28"><span class='ocrx_word' id='word_1_51' title='bbox 215 1038 325 1118; x_wconf 79' lang='grc' dir='ltr'><strong><em>κρίσεις</em></strong></span> <span class='ocrx_word' id='word_1_52' title='bbox 343 1036 355 1119; x_wconf 77' lang='grc' dir='ltr'>Η</span> <span class='ocrx_word' id='word_1_53' title='bbox 371 1040 445 1101; x_wconf 77' lang='grc' dir='ltr'><strong><em>εἰσίν</em></strong></span> <span class='ocrx_word' id='word_1_54' title='bbox 463 1041 519 1122; x_wconf 80' lang='grc' dir='ltr'>γὰρ</span> <span class='ocrx_word' id='word_1_55' title='bbox 538 1038 612 1121; x_wconf 77' lang='grc' dir='ltr'><strong><em>ἡμῖν</em></strong></span> <span class='ocrx_word' id='word_1_56' title='bbox 623 1040 679 1103; x_wconf 81' lang='grc' dir='ltr'>κτὲ.</span> <span class='ocrx_word' id='word_1_57' title='bbox 694 1046 752 1104; x_wconf 80' lang='lat' dir='ltr'>aut</span> <span class='ocrx_word' id='word_1_58' title='bbox 764 1042 832 1120; x_wconf 82' lang='grc' dir='ltr'><strong><em>δίκη</em></strong></span> <span class='ocrx_word' id='word_1_59' title='bbox 850 1039 862 1122; x_wconf 77' lang='grc' dir='ltr'>ΙΙ</span> <span class='ocrx_word' id='word_1_60' title='bbox 879 1041 957 1103; x_wconf 77' lang='grc' dir='ltr'><strong><em>ἔστιν</em></strong></span> <span class='ocrx_word' id='word_1_61' title='bbox 968 1067 994 1123; x_wconf 81' lang='grc' dir='ltr'><strong>γ.</strong></span> <span class='ocrx_word' id='word_1_62' title='bbox 1005 1077 1045 1087; x_wconf 92' lang='grc'>-</span> <span class='ocrx_word' id='word_1_63' title='bbox 1056 1045 1092 1103; x_wconf 91' lang='lat' dir='ltr'>In</span> <span class='ocrx_word' id='word_1_64' title='bbox 1106 1059 1154 1104; x_wconf 84' lang='lat' dir='ltr'>vs.</span> <span class='ocrx_word' id='word_1_65' title='bbox 1169 1045 1188 1102; x_wconf 90' lang='lat'><strong>3</strong></span> <span class='ocrx_word' id='word_1_66' title='bbox 1202 1040 1234 1102; x_wconf 81' lang='grc' dir='ltr'><strong><em>ἕν</em></strong></span> <span class='ocrx_word' id='word_1_67' title='bbox 1257 1037 1280 1125; x_wconf 81' lang='grc' dir='ltr'><em>ᾧ</em></span> <span class='ocrx_word' id='word_1_68' title='bbox 1303 1047 1495 1116; x_wconf 83' lang='grc' dir='ltr'><strong><em>ποιοῦμεν</em></strong></span> 
     </span>
     <span class='ocr_line' id='line_1_8' title="bbox 215 1137 1495 1224; baseline 0 -26"><span class='ocrx_word' id='word_1_69' title='bbox 215 1137 266 1211; x_wconf 76' lang='grc' dir='ltr'><strong><em>τὰς</em></strong></span> <span class='ocrx_word' id='word_1_70' title='bbox 301 1140 386 1213; x_wconf 79' lang='grc' dir='ltr'><strong><em>δίκας</em></strong></span> <span class='ocrx_word' id='word_1_71' title='bbox 419 1142 469 1203; x_wconf 80' lang='grc' dir='ltr'><strong><em>καί</em></strong></span> <span class='ocrx_word' id='word_1_72' title='bbox 503 1142 555 1216; x_wconf 85' lang='grc' dir='ltr'><strong><em>τὰς</em></strong></span> <span class='ocrx_word' id='word_1_73' title='bbox 585 1143 704 1224; x_wconf 74' lang='grc' dir='ltr'><strong><em>γραφείς</em></strong></span> <span class='ocrx_word' id='word_1_74' title='bbox 734 1144 915 1206; x_wconf 80' lang='lat' dir='ltr'>insolenter</span> <span class='ocrx_word' id='word_1_75' title='bbox 946 1146 1124 1206; x_wconf 85' lang='lat' dir='ltr'>admodum</span> <span class='ocrx_word' id='word_1_76' title='bbox 1155 1145 1279 1205; x_wconf 88' lang='lat' dir='ltr'>dictum</span> <span class='ocrx_word' id='word_1_77' title='bbox 1312 1146 1365 1204; x_wconf 88' lang='lat' dir='ltr'>est</span> <span class='ocrx_word' id='word_1_78' title='bbox 1390 1145 1495 1201; x_wconf 80' lang='grc' dir='ltr'><strong><em>ποιεῖν.</em></strong></span> 
     </span>
     <span class='ocr_line' id='line_1_9' title="bbox 215 1239 1494 1328; baseline 0 -27"><span class='ocrx_word' id='word_1_79' title='bbox 215 1240 417 1316; x_wconf 80' lang='lat' dir='ltr'>Expectatur</span> <span class='ocrx_word' id='word_1_80' title='bbox 447 1242 479 1303; x_wconf 77' lang='grc' dir='ltr'><strong><em>ἐν</em></strong></span> <span class='ocrx_word' id='word_1_81' title='bbox 510 1239 533 1328; x_wconf 81' lang='grc' dir='ltr'><em>ᾧ</em></span> <span class='ocrx_word' id='word_1_82' title='bbox 565 1249 698 1323; x_wconf 74' lang='grc' dir='ltr'><strong><em>λαχεῖν</em></strong></span> <span class='ocrx_word' id='word_1_83' title='bbox 730 1245 793 1305; x_wconf 80' lang='grc' dir='ltr'>δεῖ</span> <span class='ocrx_word' id='word_1_84' title='bbox 818 1242 875 1305; x_wconf 80' lang='grc' dir='ltr'><strong><em>ντί.</em></strong></span> <span class='ocrx_word' id='word_1_85' title='bbox 900 1278 940 1288; x_wconf 91' lang='grc'>-</span> <span class='ocrx_word' id='word_1_86' title='bbox 966 1247 1023 1307; x_wconf 86' lang='lat' dir='ltr'>Vs.</span> <span class='ocrx_word' id='word_1_87' title='bbox 1049 1249 1078 1307; x_wconf 82' lang='lat'>5.</span> <span class='ocrx_word' id='word_1_88' title='bbox 1112 1247 1160 1306; x_wconf 90' lang='lat' dir='ltr'>Bl.</span> <span class='ocrx_word' id='word_1_89' title='bbox 1193 1246 1248 1305; x_wconf 89' lang='lat' dir='ltr'>cit.</span> <span class='ocrx_word' id='word_1_90' title='bbox 1280 1244 1364 1305; x_wconf 88' lang='lat' dir='ltr'>Plat.</span> <span class='ocrx_word' id='word_1_91' title='bbox 1397 1243 1494 1316; x_wconf 80' lang='lat' dir='ltr'>Legg.</span> 
     </span>
     <span class='ocr_line' id='line_1_10' title="bbox 216 1341 428 1407; baseline 0.024 -6"><span class='ocrx_word' id='word_1_92' title='bbox 216 1341 280 1402; x_wconf 85' lang='lat' dir='ltr'>XII</span> <span class='ocrx_word' id='word_1_93' title='bbox 304 1345 368 1405; x_wconf 81' lang='lat'>958</span> <span class='ocrx_word' id='word_1_94' title='bbox 392 1346 428 1407; x_wconf 89' lang='grc' dir='ltr'><strong>Β.</strong></span> 
     </span>
    </p>

    <p class='ocr_par' dir='ltr' id='par_1_5' title="bbox 171 1443 1286 1527">
     <span class='ocr_line' id='line_1_11' title="bbox 171 1443 1286 1527; baseline 0.005 -26"><span class='ocrx_word' id='word_1_95' title='bbox 171 1443 223 1503; x_wconf 93' lang='lat' dir='ltr'>Fr.</span> <span class='ocrx_word' id='word_1_96' title='bbox 247 1444 322 1505; x_wconf 90' lang='grc'><strong>281.</strong></span> <span class='ocrx_word' id='word_1_97' title='bbox 348 1447 378 1506; x_wconf 93' lang='grc'>2.</span> <span class='ocrx_word' id='word_1_98' title='bbox 403 1447 465 1508; x_wconf 87' lang='grc' dir='ltr'>Η1ο</span> <span class='ocrx_word' id='word_1_99' title='bbox 488 1451 532 1518; x_wconf 81' lang='lat' dir='ltr'>(et</span> <span class='ocrx_word' id='word_1_100' title='bbox 555 1447 684 1523; x_wconf 84' lang='lat' dir='ltr'>ubique)</span> <span class='ocrx_word' id='word_1_101' title='bbox 709 1465 784 1510; x_wconf 88' lang='lat' dir='ltr'>cum</span> <span class='ocrx_word' id='word_1_102' title='bbox 808 1449 856 1509; x_wconf 89' lang='lat' dir='ltr'>Bl.</span> <span class='ocrx_word' id='word_1_103' title='bbox 882 1450 1065 1524; x_wconf 80' lang='lat' dir='ltr'>corrigatur</span> <span class='ocrx_word' id='word_1_104' title='bbox 1087 1448 1286 1527; x_wconf 75' lang='grc' dir='ltr'><strong><em>λυχνίεμδίον.</em></strong></span> 
     </span>
    </p>

    <p class='ocr_par' dir='ltr' id='par_1_6' title="bbox 171 1544 1499 2129">
     <span class='ocr_line' id='line_1_12' title="bbox 171 1544 1496 1627; baseline 0.001 -25"><span class='ocrx_word' id='word_1_105' title='bbox 171 1544 222 1604; x_wconf 86' lang='lat' dir='ltr'>Fr.</span> <span class='ocrx_word' id='word_1_106' title='bbox 248 1546 321 1606; x_wconf 81' lang='lat'>283.</span> <span class='ocrx_word' id='word_1_107' title='bbox 357 1548 444 1610; x_wconf 83' lang='lat' dir='ltr'>Part.</span> <span class='ocrx_word' id='word_1_108' title='bbox 479 1548 639 1627; x_wconf 80' lang='grc' dir='ltr'><strong><em>γενόμενος</em></strong></span> <span class='ocrx_word' id='word_1_109' title='bbox 674 1566 716 1611; x_wconf 81' lang='lat' dir='ltr'>ex</span> <span class='ocrx_word' id='word_1_110' title='bbox 751 1554 830 1611; x_wconf 82' lang='lat' dir='ltr'>noto</span> <span class='ocrx_word' id='word_1_111' title='bbox 865 1565 928 1610; x_wconf 82' lang='lat' dir='ltr'>usu</span> <span class='ocrx_word' id='word_1_112' title='bbox 960 1550 1178 1611; x_wconf 81' lang='lat' dir='ltr'>Hellenistico</span> <span class='ocrx_word' id='word_1_113' title='bbox 1196 1573 1237 1597; x_wconf 97' lang='lat'><strong><em>=</em></strong></span> <span class='ocrx_word' id='word_1_114' title='bbox 1254 1544 1496 1626; x_wconf 76' lang='grc' dir='ltr'><strong><em>παραγενόμενος</em></strong></span> 
     </span>
     <span class='ocr_line' id='line_1_13' title="bbox 216 1645 1495 1726; baseline 0.002 -23"><span class='ocrx_word' id='word_1_115' title='bbox 216 1645 452 1722; x_wconf 89' lang='lat' dir='ltr'>interpolatum</span> <span class='ocrx_word' id='word_1_116' title='bbox 478 1653 538 1712; x_wconf 87' lang='lat' dir='ltr'>est.</span> <span class='ocrx_word' id='word_1_117' title='bbox 563 1649 610 1711; x_wconf 83' lang='grc'>01.</span> <span class='ocrx_word' id='word_1_118' title='bbox 635 1650 777 1711; x_wconf 89' lang='lat' dir='ltr'>Lexicon</span> <span class='ocrx_word' id='word_1_119' title='bbox 801 1666 915 1711; x_wconf 88' lang='lat' dir='ltr'>meum</span> <span class='ocrx_word' id='word_1_120' title='bbox 940 1650 1049 1726; x_wconf 86' lang='lat' dir='ltr'>suppl.</span> <span class='ocrx_word' id='word_1_121' title='bbox 1069 1666 1099 1726; x_wconf 88' lang='lat' dir='ltr'>p.</span> <span class='ocrx_word' id='word_1_122' title='bbox 1124 1652 1186 1711; x_wconf 89' lang='grc'>174</span> <span class='ocrx_word' id='word_1_123' title='bbox 1205 1653 1240 1711; x_wconf 88' lang='lat' dir='ltr'>et</span> <span class='ocrx_word' id='word_1_124' title='bbox 1258 1647 1495 1724; x_wconf 85' lang='lat' dir='ltr'>Appendicem,</span> 
     </span>
     <span class='ocr_line' id='line_1_14' title="bbox 216 1745 1495 1830; baseline -0.001 -24"><span class='ocrx_word' id='word_1_125' title='bbox 216 1762 299 1821; x_wconf 90' lang='lat' dir='ltr'>quae</span> <span class='ocrx_word' id='word_1_126' title='bbox 323 1748 413 1810; x_wconf 88' lang='lat' dir='ltr'>brevi</span> <span class='ocrx_word' id='word_1_127' title='bbox 435 1754 602 1827; x_wconf 89' lang='lat' dir='ltr'>sequetur,</span> <span class='ocrx_word' id='word_1_128' title='bbox 627 1766 654 1812; x_wconf 86' lang='lat' dir='ltr'>s.</span> <span class='ocrx_word' id='word_1_129' title='bbox 675 1768 705 1813; x_wconf 90' lang='lat' dir='ltr'>v.</span> <span class='ocrx_word' id='word_1_130' title='bbox 729 1750 896 1830; x_wconf 78' lang='grc' dir='ltr'><strong><em>γίγνεσθαι.</em></strong></span> <span class='ocrx_word' id='word_1_131' title='bbox 925 1753 1077 1827; x_wconf 86' lang='lat' dir='ltr'>Speciose</span> <span class='ocrx_word' id='word_1_132' title='bbox 1104 1749 1268 1830; x_wconf 87' lang='grc' dir='ltr'><strong><em>φερόμενος</em></strong></span> <span class='ocrx_word' id='word_1_133' title='bbox 1292 1765 1375 1812; x_wconf 88' lang='lat' dir='ltr'>corr.</span> <span class='ocrx_word' id='word_1_134' title='bbox 1394 1745 1495 1808; x_wconf 78' lang='lat' dir='ltr'>Koclr.</span> 
     </span>
     <span class='ocr_line' id='line_1_15' title="bbox 216 1848 1499 1927; baseline 0 -20"><span class='ocrx_word' id='word_1_135' title='bbox 216 1848 326 1910; x_wconf 87' lang='lat' dir='ltr'>Nimia</span> <span class='ocrx_word' id='word_1_136' title='bbox 348 1851 484 1912; x_wconf 85' lang='lat' dir='ltr'>molitur</span> <span class='ocrx_word' id='word_1_137' title='bbox 504 1853 553 1913; x_wconf 92' lang='lat' dir='ltr'>Bl.</span> <span class='ocrx_word' id='word_1_138' title='bbox 577 1868 608 1927; x_wconf 89' lang='lat' dir='ltr'>p.</span> <span class='ocrx_word' id='word_1_139' title='bbox 627 1854 684 1926; x_wconf 88' lang='grc'><strong>60,</strong></span> <span class='ocrx_word' id='word_1_140' title='bbox 709 1869 769 1913; x_wconf 90' lang='lat' dir='ltr'>nec</span> <span class='ocrx_word' id='word_1_141' title='bbox 792 1853 965 1927; x_wconf 80' lang='lat' dir='ltr'>vulgatam</span> <span class='ocrx_word' id='word_1_142' title='bbox 992 1853 1075 1912; x_wconf 86' lang='lat' dir='ltr'>satis</span> <span class='ocrx_word' id='word_1_143' title='bbox 1098 1855 1234 1913; x_wconf 88' lang='lat' dir='ltr'>tuentur</span> <span class='ocrx_word' id='word_1_144' title='bbox 1251 1850 1442 1926; x_wconf 73' lang='grc'><strong>4111111136</strong></span> <span class='ocrx_word' id='word_1_145' title='bbox 1465 1849 1499 1907; x_wconf 89' lang='lat' dir='ltr'>et</span> 
     </span>
     <span class='ocr_line' id='line_1_16' title="bbox 217 1949 1498 2029; baseline 0 -21"><span class='ocrx_word' id='word_1_146' title='bbox 217 1949 312 2010; x_wconf 88' lang='lat' dir='ltr'>Alex.</span> <span class='ocrx_word' id='word_1_147' title='bbox 339 1952 413 2027; x_wconf 90' lang='grc'><strong>261,</strong></span> <span class='ocrx_word' id='word_1_148' title='bbox 442 1954 472 2029; x_wconf 94' lang='grc'>1,</span> <span class='ocrx_word' id='word_1_149' title='bbox 506 1969 587 2028; x_wconf 88' lang='lat' dir='ltr'>quos</span> <span class='ocrx_word' id='word_1_150' title='bbox 618 1953 708 2014; x_wconf 90' lang='lat' dir='ltr'>locos</span> <span class='ocrx_word' id='word_1_151' title='bbox 739 1954 820 2014; x_wconf 88' lang='lat' dir='ltr'>citat</span> <span class='ocrx_word' id='word_1_152' title='bbox 843 1969 872 2028; x_wconf 93' lang='lat' dir='ltr'>p.</span> <span class='ocrx_word' id='word_1_153' title='bbox 895 1954 970 2013; x_wconf 95' lang='grc'><strong>306.</strong></span> <span class='ocrx_word' id='word_1_154' title='bbox 996 1954 1066 2013; x_wconf 89' lang='lat' dir='ltr'>Non</span> <span class='ocrx_word' id='word_1_155' title='bbox 1091 1954 1180 2013; x_wconf 89' lang='lat' dir='ltr'>enim</span> <span class='ocrx_word' id='word_1_156' title='bbox 1205 1953 1344 2013; x_wconf 89' lang='lat' dir='ltr'>atticum</span> <span class='ocrx_word' id='word_1_157' title='bbox 1368 1951 1498 2011; x_wconf 91' lang='lat' dir='ltr'>videtur</span> 
     </span>
     <span class='ocr_line' id='line_1_17' title="bbox 217 2048 464 2129; baseline 0.016 -22"><span class='ocrx_word' id='word_1_158' title='bbox 217 2048 376 2129; x_wconf 62' lang='lat' dir='ltr'>plyvrcdorr</span> <span class='ocrx_word' id='word_1_159' title='bbox 399 2051 434 2111; x_wconf 76' lang='grc' dir='ltr'>εἰ</span> <span class='ocrx_word' id='word_1_160' title='bbox 441 2076 464 2125; x_wconf 86' lang='grc' dir='ltr'>ς.</span> 
     </span>
    </p>

    <p class='ocr_par' dir='ltr' id='par_1_7' title="bbox 173 2148 1497 2334">
     <span class='ocr_line' id='line_1_18' title="bbox 173 2148 1497 2233; baseline -0.001 -23"><span class='ocrx_word' id='word_1_161' title='bbox 173 2151 225 2211; x_wconf 93' lang='lat' dir='ltr'>Fr.</span> <span class='ocrx_word' id='word_1_162' title='bbox 251 2151 326 2228; x_wconf 82' lang='lat'><strong>294,</strong></span> <span class='ocrx_word' id='word_1_163' title='bbox 355 2154 382 2214; x_wconf 95' lang='lat'>1.</span> <span class='ocrx_word' id='word_1_164' title='bbox 406 2161 459 2231; x_wconf 77' lang='grc' dir='ltr'><strong><em>τῆς</em></strong></span> <span class='ocrx_word' id='word_1_165' title='bbox 483 2170 558 2215; x_wconf 91' lang='lat' dir='ltr'>cum</span> <span class='ocrx_word' id='word_1_166' title='bbox 582 2155 706 2229; x_wconf 92' lang='lat' dir='ltr'>optimo</span> <span class='ocrx_word' id='word_1_167' title='bbox 731 2155 840 2215; x_wconf 88' lang='lat' dir='ltr'>codice</span> <span class='ocrx_word' id='word_1_168' title='bbox 863 2171 922 2230; x_wconf 93' lang='lat' dir='ltr'>pro</span> <span class='ocrx_word' id='word_1_169' title='bbox 945 2159 1006 2225; x_wconf 85' lang='grc' dir='ltr'><strong><em>τοῖς</em></strong></span> <span class='ocrx_word' id='word_1_170' title='bbox 1027 2155 1140 2215; x_wconf 83' lang='lat' dir='ltr'>Nauck</span> <span class='ocrx_word' id='word_1_171' title='bbox 1161 2156 1195 2215; x_wconf 95' lang='lat' dir='ltr'>et</span> <span class='ocrx_word' id='word_1_172' title='bbox 1214 2156 1296 2215; x_wconf 85' lang='lat' dir='ltr'>vs.3</span> <span class='ocrx_word' id='word_1_173' title='bbox 1316 2148 1397 2233; x_wconf 76' lang='grc' dir='ltr'><em>ἔγωγ’</em></span> <span class='ocrx_word' id='word_1_174' title='bbox 1421 2148 1497 2229; x_wconf 75' lang='lat' dir='ltr'>ipos</span> 
     </span>
     <span class='ocr_line' id='line_1_19' title="bbox 217 2251 484 2334; baseline 0.004 -20"><span class='ocrx_word' id='word_1_175' title='bbox 217 2270 276 2329; x_wconf 88' lang='lat' dir='ltr'>pro</span> <span class='ocrx_word' id='word_1_176' title='bbox 300 2251 402 2334; x_wconf 77' lang='grc' dir='ltr'><strong><em>ἐχρῆτο</em></strong></span> <span class='ocrx_word' id='word_1_177' title='bbox 425 2278 484 2333; x_wconf 85' lang='grc' dir='ltr'><strong><em>μοι.</em></strong></span> 
     </span>
    </p>

    <p class='ocr_par' dir='ltr' id='par_1_8' title="bbox 173 2354 1500 2520">
     <span class='ocr_line' id='line_1_20' title="bbox 173 2354 1500 2437; baseline 0 -23"><span class='ocrx_word' id='word_1_178' title='bbox 173 2356 223 2416; x_wconf 89' lang='lat' dir='ltr'>Fr.</span> <span class='ocrx_word' id='word_1_179' title='bbox 249 2357 313 2417; x_wconf 91' lang='grc'><strong>296</strong></span> <span class='ocrx_word' id='word_1_180' title='bbox 337 2359 371 2417; x_wconf 89' lang='lat' dir='ltr'>et</span> <span class='ocrx_word' id='word_1_181' title='bbox 392 2359 469 2420; x_wconf 95' lang='grc'><strong>401.</strong></span> <span class='ocrx_word' id='word_1_182' title='bbox 505 2357 616 2437; x_wconf 80' lang='grc' dir='ltr'><strong><em>τήμερα</em></strong></span> <span class='ocrx_word' id='word_1_183' title='bbox 650 2374 708 2434; x_wconf 89' lang='lat' dir='ltr'>pro</span> <span class='ocrx_word' id='word_1_184' title='bbox 743 2356 872 2436; x_wconf 81' lang='grc' dir='ltr'><strong><em>τήμερον</em></strong></span> <span class='ocrx_word' id='word_1_185' title='bbox 901 2362 1056 2434; x_wconf 88' lang='lat' dir='ltr'>suspecta</span> <span class='ocrx_word' id='word_1_186' title='bbox 1086 2358 1168 2418; x_wconf 90' lang='lat' dir='ltr'>mihi</span> <span class='ocrx_word' id='word_1_187' title='bbox 1198 2358 1306 2418; x_wconf 89' lang='lat' dir='ltr'>lectio.</span> <span class='ocrx_word' id='word_1_188' title='bbox 1343 2354 1500 2415; x_wconf 82' lang='lat' dir='ltr'>Similiter</span> 
     </span>
     <span class='ocr_line' id='line_1_21' title="bbox 217 2457 551 2520; baseline 0.015 -5"><span class='ocrx_word' id='word_1_189' title='bbox 217 2457 360 2518; x_wconf 89' lang='lat' dir='ltr'>iudicare</span> <span class='ocrx_word' id='word_1_190' title='bbox 384 2459 479 2520; x_wconf 85' lang='lat' dir='ltr'>video</span> <span class='ocrx_word' id='word_1_191' title='bbox 503 2459 551 2520; x_wconf 89' lang='lat' dir='ltr'>Bl.</span> 
     </span>
    </p>

    <p class='ocr_par' dir='ltr' id='par_1_9' title="bbox 174 2554 1501 2636">
     <span class='ocr_line' id='line_1_22' title="bbox 174 2554 1501 2636; baseline -0.002 -20"><span class='ocrx_word' id='word_1_192' title='bbox 174 2556 226 2617; x_wconf 86' lang='lat' dir='ltr'>Fr.</span> <span class='ocrx_word' id='word_1_193' title='bbox 241 2557 315 2618; x_wconf 86' lang='lat'>303.</span> <span class='ocrx_word' id='word_1_194' title='bbox 334 2559 447 2620; x_wconf 82' lang='lat' dir='ltr'>Nauck</span> <span class='ocrx_word' id='word_1_195' title='bbox 459 2560 540 2620; x_wconf 82' lang='lat' dir='ltr'>citat</span> <span class='ocrx_word' id='word_1_196' title='bbox 552 2560 631 2620; x_wconf 79' lang='lat' dir='ltr'>Hes,</span> <span class='ocrx_word' id='word_1_197' title='bbox 652 2556 781 2618; x_wconf 76' lang='grc' dir='ltr'><strong><em>ἀναπω</em></strong></span> <span class='ocrx_word' id='word_1_198' title='bbox 791 2558 808 2618; x_wconf 79' lang='lat' dir='ltr'>d</span> <span class='ocrx_word' id='word_1_199' title='bbox 816 2558 961 2619; x_wconf 84' lang='grc' dir='ltr'><strong><em>ώνισον</em></strong></span> <span class='ocrx_word' id='word_1_200' title='bbox 981 2561 1062 2628; x_wconf 82' lang='lat' dir='ltr'>(eod.</span> <span class='ocrx_word' id='word_1_201' title='bbox 1076 2556 1320 2636; x_wconf 80' lang='grc' dir='ltr'>σίναιιοδήνισον)Ι</span> <span class='ocrx_word' id='word_1_202' title='bbox 1333 2554 1501 2615; x_wconf 84' lang='grc' dir='ltr'><strong><em>ἀνάσεισον.</em></strong></span> 
     </span>
    </p>

    <p class='ocr_par' dir='ltr' id='par_1_10' title="bbox 175 2658 663 2735">
     <span class='ocr_line' id='line_1_23' title="bbox 175 2658 663 2735; baseline 0.008 -18"><span class='ocrx_word' id='word_1_203' title='bbox 175 2658 226 2720; x_wconf 93' lang='lat' dir='ltr'>Fr.</span> <span class='ocrx_word' id='word_1_204' title='bbox 252 2659 326 2719; x_wconf 89' lang='grc'><strong>304.</strong></span> <span class='ocrx_word' id='word_1_205' title='bbox 351 2659 399 2720; x_wconf 90' lang='grc' dir='ltr'>Β1.</span> <span class='ocrx_word' id='word_1_206' title='bbox 425 2661 480 2720; x_wconf 88' lang='lat' dir='ltr'>cit.</span> <span class='ocrx_word' id='word_1_207' title='bbox 504 2660 561 2735; x_wconf 85' lang='lat' dir='ltr'>Fq.</span> <span class='ocrx_word' id='word_1_208' title='bbox 587 2661 663 2721; x_wconf 89' lang='grc'><strong>244.</strong></span> 
     </span>
    </p>

    <p class='ocr_par' dir='ltr' id='par_1_11' title="bbox 173 2757 1422 2837">
     <span class='ocr_line' id='line_1_24' title="bbox 173 2757 1422 2837; baseline 0 -20"><span class='ocrx_word' id='word_1_209' title='bbox 173 2757 225 2818; x_wconf 94' lang='lat' dir='ltr'>Fr.</span> <span class='ocrx_word' id='word_1_210' title='bbox 250 2759 325 2819; x_wconf 85' lang='grc'><strong>306.</strong></span> <span class='ocrx_word' id='word_1_211' title='bbox 350 2759 396 2820; x_wconf 85' lang='lat' dir='ltr'>De</span> <span class='ocrx_word' id='word_1_212' title='bbox 417 2763 568 2822; x_wconf 85' lang='lat' dir='ltr'>extrema</span> <span class='ocrx_word' id='word_1_213' title='bbox 590 2764 690 2822; x_wconf 88' lang='lat' dir='ltr'>notae</span> <span class='ocrx_word' id='word_1_214' title='bbox 713 2764 807 2837; x_wconf 88' lang='lat' dir='ltr'>parto</span> <span class='ocrx_word' id='word_1_215' title='bbox 830 2761 966 2822; x_wconf 90' lang='lat' dir='ltr'>omnino</span> <span class='ocrx_word' id='word_1_216' title='bbox 989 2760 1029 2822; x_wconf 86' lang='lat' dir='ltr'>cl.</span> <span class='ocrx_word' id='word_1_217' title='bbox 1053 2761 1179 2837; x_wconf 84' lang='lat' dir='ltr'>Nauck,</span> <span class='ocrx_word' id='word_1_218' title='bbox 1205 2761 1277 2821; x_wconf 85' lang='lat' dir='ltr'>Mel.</span> <span class='ocrx_word' id='word_1_219' title='bbox 1301 2760 1346 2819; x_wconf 84' lang='lat' dir='ltr'>VI</span> <span class='ocrx_word' id='word_1_220' title='bbox 1370 2759 1422 2819; x_wconf 93' lang='grc'><strong>78.</strong></span> 
     </span>
    </p>

    <p class='ocr_par' dir='ltr' id='par_1_12' title="bbox 174 2857 1502 3949">
     <span class='ocr_line' id='line_1_25' title="bbox 174 2857 1500 2938; baseline 0.001 -21"><span class='ocrx_word' id='word_1_221' title='bbox 174 2858 226 2919; x_wconf 93' lang='lat' dir='ltr'>Fr.</span> <span class='ocrx_word' id='word_1_222' title='bbox 251 2861 327 2935; x_wconf 89' lang='grc'><strong>317,</strong></span> <span class='ocrx_word' id='word_1_223' title='bbox 353 2862 383 2921; x_wconf 92' lang='grc'>2.</span> <span class='ocrx_word' id='word_1_224' title='bbox 408 2861 455 2922; x_wconf 88' lang='lat' dir='ltr'>Do</span> <span class='ocrx_word' id='word_1_225' title='bbox 478 2863 555 2922; x_wconf 85' lang='lat' dir='ltr'>vino</span> <span class='ocrx_word' id='word_1_226' title='bbox 579 2862 790 2938; x_wconf 89' lang='lat' dir='ltr'>Peparethio,</span> <span class='ocrx_word' id='word_1_227' title='bbox 816 2877 975 2936; x_wconf 80' lang='lat' dir='ltr'>generoso</span> <span class='ocrx_word' id='word_1_228' title='bbox 999 2865 1036 2922; x_wconf 93' lang='lat' dir='ltr'>ut</span> <span class='ocrx_word' id='word_1_229' title='bbox 1055 2862 1087 2922; x_wconf 91' lang='lat' dir='ltr'>h.</span> <span class='ocrx_word' id='word_1_230' title='bbox 1101 2862 1137 2938; x_wconf 90' lang='lat' dir='ltr'>l.‚</span> <span class='ocrx_word' id='word_1_231' title='bbox 1159 2861 1207 2922; x_wconf 95' lang='lat' dir='ltr'>Bl.</span> <span class='ocrx_word' id='word_1_232' title='bbox 1228 2861 1284 2922; x_wconf 87' lang='lat' dir='ltr'>cit.</span> <span class='ocrx_word' id='word_1_233' title='bbox 1305 2859 1403 2935; x_wconf 82' lang='lat' dir='ltr'>soph.</span> <span class='ocrx_word' id='word_1_234' title='bbox 1416 2857 1500 2918; x_wconf 88' lang='lat' dir='ltr'>Phil.</span> 
     </span>
     <span class='ocr_line' id='line_1_26' title="bbox 218 2960 1499 3040; baseline 0 -21"><span class='ocrx_word' id='word_1_235' title='bbox 218 2961 300 3035; x_wconf 82' lang='grc'><strong>648;</strong></span> <span class='ocrx_word' id='word_1_236' title='bbox 325 2962 417 3023; x_wconf 89' lang='lat' dir='ltr'>Dem.</span> <span class='ocrx_word' id='word_1_237' title='bbox 443 2965 495 3040; x_wconf 82' lang='grc'><strong>36,</strong></span> <span class='ocrx_word' id='word_1_238' title='bbox 521 2965 581 3038; x_wconf 81' lang='grc'>36;</span> <span class='ocrx_word' id='word_1_239' title='bbox 612 2964 695 3025; x_wconf 92' lang='lat' dir='ltr'>Plin.</span> <span class='ocrx_word' id='word_1_240' title='bbox 720 2965 757 3024; x_wconf 88' lang='lat' dir='ltr'>N.</span> <span class='ocrx_word' id='word_1_241' title='bbox 779 2964 820 3025; x_wconf 88' lang='grc' dir='ltr'><strong>Η.</strong></span> <span class='ocrx_word' id='word_1_242' title='bbox 844 2963 889 3022; x_wconf 89' lang='lat' dir='ltr'>IV</span> <span class='ocrx_word' id='word_1_243' title='bbox 915 2964 967 3025; x_wconf 88' lang='grc'>72.</span> <span class='ocrx_word' id='word_1_244' title='bbox 991 2963 1068 3023; x_wconf 88' lang='lat' dir='ltr'>XIV</span> <span class='ocrx_word' id='word_1_245' title='bbox 1092 2965 1151 3038; x_wconf 89' lang='grc'>76;</span> <span class='ocrx_word' id='word_1_246' title='bbox 1177 2967 1292 3024; x_wconf 88' lang='lat' dir='ltr'>contra</span> <span class='ocrx_word' id='word_1_247' title='bbox 1315 2960 1409 3037; x_wconf 90' lang='lat' dir='ltr'>parvi</span> <span class='ocrx_word' id='word_1_248' title='bbox 1434 2960 1499 3020; x_wconf 86' lang='lat' dir='ltr'>exi·</span> 
     </span>
     <span class='ocr_line' id='line_1_27' title="bbox 218 3061 1501 3141; baseline -0.002 -20"><span class='ocrx_word' id='word_1_249' title='bbox 218 3062 338 3123; x_wconf 90' lang='lat' dir='ltr'>stimat</span> <span class='ocrx_word' id='word_1_250' title='bbox 369 3064 538 3139; x_wconf 86' lang='lat' dir='ltr'>Hermipp.</span> <span class='ocrx_word' id='word_1_251' title='bbox 572 3064 625 3141; x_wconf 88' lang='grc'><strong>82,</strong></span> <span class='ocrx_word' id='word_1_252' title='bbox 655 3065 705 3126; x_wconf 93' lang='grc'>12.</span> <span class='ocrx_word' id='word_1_253' title='bbox 731 3099 770 3107; x_wconf 98' lang='grc'>-</span> <span class='ocrx_word' id='word_1_254' title='bbox 796 3064 853 3125; x_wconf 88' lang='lat' dir='ltr'>Vs.</span> <span class='ocrx_word' id='word_1_255' title='bbox 882 3067 913 3126; x_wconf 89' lang='grc'><strong>3.</strong></span> <span class='ocrx_word' id='word_1_256' title='bbox 946 3065 1037 3125; x_wconf 90' lang='lat' dir='ltr'>idem</span> <span class='ocrx_word' id='word_1_257' title='bbox 1069 3064 1124 3124; x_wconf 84' lang='lat' dir='ltr'>cit.</span> <span class='ocrx_word' id='word_1_258' title='bbox 1157 3065 1219 3125; x_wconf 86' lang='lat' dir='ltr'>Av.</span> <span class='ocrx_word' id='word_1_259' title='bbox 1255 3064 1339 3123; x_wconf 80' lang='grc'><strong>1263</strong></span> <span class='ocrx_word' id='word_1_260' title='bbox 1375 3061 1501 3137; x_wconf 81' lang='grc' dir='ltr'><strong><em>στύομαι</em></strong></span> 
     </span>
     <span class='ocr_line' id='line_1_28' title="bbox 217 3159 1500 3242; baseline 0.001 -21"><span class='ocrx_word' id='word_1_261' title='bbox 217 3160 400 3242; x_wconf 79' lang='grc' dir='ltr'><strong><em>τριέμβολον.</em></strong></span> <span class='ocrx_word' id='word_1_262' title='bbox 425 3198 465 3210; x_wconf 86' lang='grc'>-</span> <span class='ocrx_word' id='word_1_263' title='bbox 490 3166 617 3227; x_wconf 87' lang='lat' dir='ltr'>Ibidem</span> <span class='ocrx_word' id='word_1_264' title='bbox 651 3167 724 3226; x_wconf 89' lang='lat' dir='ltr'>sine</span> <span class='ocrx_word' id='word_1_265' title='bbox 759 3181 859 3227; x_wconf 89' lang='lat' dir='ltr'>causa</span> <span class='ocrx_word' id='word_1_266' title='bbox 897 3168 1038 3227; x_wconf 89' lang='lat' dir='ltr'>coniecit</span> <span class='ocrx_word' id='word_1_267' title='bbox 1071 3164 1127 3225; x_wconf 82' lang='grc' dir='ltr'><strong><em>οὐκ</em></strong></span> <span class='ocrx_word' id='word_1_268' title='bbox 1158 3181 1215 3241; x_wconf 94' lang='lat' dir='ltr'>pro</span> <span class='ocrx_word' id='word_1_269' title='bbox 1247 3159 1324 3240; x_wconf 78' lang='grc' dir='ltr'><strong><em>οὐδ’,</em></strong></span> <span class='ocrx_word' id='word_1_270' title='bbox 1357 3162 1429 3224; x_wconf 88' lang='lat' dir='ltr'>coll.</span> <span class='ocrx_word' id='word_1_271' title='bbox 1461 3162 1500 3222; x_wconf 87' lang='lat' dir='ltr'>ir.</span> 
     </span>
     <span class='ocr_line' id='line_1_29' title="bbox 219 3261 1500 3342; baseline 0 -19"><span class='ocrx_word' id='word_1_272' title='bbox 219 3264 284 3324; x_wconf 92' lang='grc'><strong>324</strong></span> <span class='ocrx_word' id='word_1_273' title='bbox 307 3265 347 3326; x_wconf 84' lang='grc' dir='ltr'><strong>Κ.</strong></span> <span class='ocrx_word' id='word_1_274' title='bbox 372 3268 406 3327; x_wconf 89' lang='lat' dir='ltr'>ot</span> <span class='ocrx_word' id='word_1_275' title='bbox 427 3266 578 3328; x_wconf 83' lang='lat' dir='ltr'>Alexidis</span> <span class='ocrx_word' id='word_1_276' title='bbox 600 3267 640 3330; x_wconf 88' lang='lat' dir='ltr'>ir.</span> <span class='ocrx_word' id='word_1_277' title='bbox 660 3267 709 3327; x_wconf 87' lang='lat'>111</span> <span class='ocrx_word' id='word_1_278' title='bbox 731 3267 850 3328; x_wconf 78' lang='grc'><strong>16611.</strong></span> <span class='ocrx_word' id='word_1_279' title='bbox 876 3267 998 3327; x_wconf 83' lang='lat' dir='ltr'>Eodem</span> <span class='ocrx_word' id='word_1_280' title='bbox 1022 3267 1093 3327; x_wconf 88' lang='lat' dir='ltr'>iure</span> <span class='ocrx_word' id='word_1_281' title='bbox 1117 3282 1174 3342; x_wconf 97' lang='lat' dir='ltr'>pro</span> <span class='ocrx_word' id='word_1_282' title='bbox 1202 3261 1274 3326; x_wconf 79' lang='grc' dir='ltr'><strong><em>οὐδὲ</em></strong></span> <span class='ocrx_word' id='word_1_283' title='bbox 1298 3280 1347 3326; x_wconf 85' lang='lat' dir='ltr'>vs.</span> <span class='ocrx_word' id='word_1_284' title='bbox 1367 3265 1386 3323; x_wconf 91' lang='grc'><strong>2</strong></span> <span class='ocrx_word' id='word_1_285' title='bbox 1410 3278 1500 3338; x_wconf 89' lang='lat' dir='ltr'>repo·</span> 
     </span>
     <span class='ocr_line' id='line_1_30' title="bbox 218 3364 1500 3444; baseline -0.001 -20"><span class='ocrx_word' id='word_1_286' title='bbox 218 3365 325 3426; x_wconf 89' lang='lat' dir='ltr'>sueris</span> <span class='ocrx_word' id='word_1_287' title='bbox 365 3365 434 3444; x_wconf 80' lang='grc' dir='ltr'><strong><em>οὐχί</em></strong></span> <span class='ocrx_word' id='word_1_288' title='bbox 472 3368 568 3442; x_wconf 88' lang='lat' dir='ltr'>(quod</span> <span class='ocrx_word' id='word_1_289' title='bbox 610 3383 727 3428; x_wconf 88' lang='lat' dir='ltr'>revera</span> <span class='ocrx_word' id='word_1_290' title='bbox 760 3368 906 3442; x_wconf 87' lang='lat' dir='ltr'>postulat</span> <span class='ocrx_word' id='word_1_291' title='bbox 941 3385 970 3443; x_wconf 91' lang='lat' dir='ltr'>p.</span> <span class='ocrx_word' id='word_1_292' title='bbox 1003 3369 1097 3443; x_wconf 91' lang='grc'><strong>306),</strong></span> <span class='ocrx_word' id='word_1_293' title='bbox 1134 3368 1192 3429; x_wconf 87' lang='lat' dir='ltr'>sed</span> <span class='ocrx_word' id='word_1_294' title='bbox 1223 3367 1270 3428; x_wconf 92' lang='lat' dir='ltr'>nil</span> <span class='ocrx_word' id='word_1_295' title='bbox 1302 3364 1500 3426; x_wconf 90' lang='lat' dir='ltr'>mutandum</span> 
     </span>
     <span class='ocr_line' id='line_1_31' title="bbox 218 3466 1502 3544; baseline -0.002 -18"><span class='ocrx_word' id='word_1_296' title='bbox 218 3466 357 3528; x_wconf 87' lang='lat' dir='ltr'>videtur.</span> <span class='ocrx_word' id='word_1_297' title='bbox 386 3468 457 3529; x_wconf 89' lang='lat' dir='ltr'>Non</span> <span class='ocrx_word' id='word_1_298' title='bbox 488 3469 595 3544; x_wconf 81' lang='lat' dir='ltr'>magis</span> <span class='ocrx_word' id='word_1_299' title='bbox 625 3469 852 3530; x_wconf 84' lang='lat' dir='ltr'>necessarium</span> <span class='ocrx_word' id='word_1_300' title='bbox 874 3471 955 3544; x_wconf 91' lang='lat' dir='ltr'>puto</span> <span class='ocrx_word' id='word_1_301' title='bbox 979 3470 1018 3530; x_wconf 86' lang='lat' dir='ltr'>ir.</span> <span class='ocrx_word' id='word_1_302' title='bbox 1044 3470 1119 3544; x_wconf 86' lang='lat'>318,</span> <span class='ocrx_word' id='word_1_303' title='bbox 1145 3470 1164 3528; x_wconf 92' lang='grc'><strong>2</strong></span> <span class='ocrx_word' id='word_1_304' title='bbox 1189 3483 1263 3529; x_wconf 89' lang='lat' dir='ltr'>cum</span> <span class='ocrx_word' id='word_1_305' title='bbox 1288 3467 1404 3528; x_wconf 89' lang='lat' dir='ltr'>eodem</span> <span class='ocrx_word' id='word_1_306' title='bbox 1426 3485 1502 3524; x_wconf 91' lang='grc' dir='ltr'><strong><em>ποα-</em></strong></span> 
     </span>
     <span class='ocr_line' id='line_1_32' title="bbox 217 3562 1502 3645; baseline -0.001 -19"><span class='ocrx_word' id='word_1_307' title='bbox 217 3568 333 3627; x_wconf 77' lang='grc' dir='ltr'><strong><em>λύπουν</em></strong></span> <span class='ocrx_word' id='word_1_308' title='bbox 355 3584 413 3644; x_wconf 90' lang='lat' dir='ltr'>pro</span> <span class='ocrx_word' id='word_1_309' title='bbox 436 3569 613 3641; x_wconf 76' lang='grc' dir='ltr'><strong><em>πουλύπους</em></strong></span> <span class='ocrx_word' id='word_1_310' title='bbox 638 3570 688 3639; x_wconf 79' lang='lat' dir='ltr'>(ef.</span> <span class='ocrx_word' id='word_1_311' title='bbox 712 3568 849 3640; x_wconf 78' lang='grc' dir='ltr'><strong><em>τευθίδες</em></strong></span> <span class='ocrx_word' id='word_1_312' title='bbox 872 3569 994 3630; x_wconf 82' lang='lat' dir='ltr'>ibidem</span> <span class='ocrx_word' id='word_1_313' title='bbox 1019 3585 1067 3629; x_wconf 89' lang='lat' dir='ltr'>vs.</span> <span class='ocrx_word' id='word_1_314' title='bbox 1093 3571 1136 3645; x_wconf 80' lang='grc'><strong>3),</strong></span> <span class='ocrx_word' id='word_1_315' title='bbox 1161 3585 1222 3630; x_wconf 88' lang='lat' dir='ltr'>nec</span> <span class='ocrx_word' id='word_1_316' title='bbox 1246 3570 1333 3629; x_wconf 81' lang='lat' dir='ltr'>ve.3</span> <span class='ocrx_word' id='word_1_317' title='bbox 1357 3564 1377 3645; x_wconf 77' lang='grc' dir='ltr'><strong>ἢ</strong></span> <span class='ocrx_word' id='word_1_318' title='bbox 1401 3562 1502 3644; x_wconf 82' lang='grc' dir='ltr'><strong><em>ὀρφώς</em></strong></span> 
     </span>
     <span class='ocr_line' id='line_1_33' title="bbox 216 3665 1502 3747; baseline -0.002 -18"><span class='ocrx_word' id='word_1_319' title='bbox 216 3674 285 3743; x_wconf 85' lang='lat' dir='ltr'>(pro</span> <span class='ocrx_word' id='word_1_320' title='bbox 313 3665 434 3747; x_wconf 80' lang='grc' dir='ltr'><strong><em>ὀπτᾶτ’),</em></strong></span> <span class='ocrx_word' id='word_1_321' title='bbox 467 3671 551 3745; x_wconf 90' lang='lat' dir='ltr'>quod</span> <span class='ocrx_word' id='word_1_322' title='bbox 583 3672 685 3731; x_wconf 90' lang='lat' dir='ltr'>etiam</span> <span class='ocrx_word' id='word_1_323' title='bbox 716 3673 823 3731; x_wconf 90' lang='lat' dir='ltr'>metro</span> <span class='ocrx_word' id='word_1_324' title='bbox 855 3671 912 3730; x_wconf 83' lang='lat' dir='ltr'>vix</span> <span class='ocrx_word' id='word_1_325' title='bbox 941 3671 1110 3746; x_wconf 87' lang='lat' dir='ltr'>convenit,</span> <span class='ocrx_word' id='word_1_326' title='bbox 1142 3686 1204 3731; x_wconf 87' lang='lat' dir='ltr'>nec</span> <span class='ocrx_word' id='word_1_327' title='bbox 1232 3685 1281 3730; x_wconf 87' lang='lat' dir='ltr'>vs.</span> <span class='ocrx_word' id='word_1_328' title='bbox 1306 3671 1325 3729; x_wconf 91' lang='grc'><strong>6</strong></span> <span class='ocrx_word' id='word_1_329' title='bbox 1349 3684 1398 3743; x_wconf 87' lang='lat' dir='ltr'>sq.</span> <span class='ocrx_word' id='word_1_330' title='bbox 1422 3666 1502 3727; x_wconf 89' lang='grc' dir='ltr'><strong><em>τιαόν</em></strong></span> 
     </span>
     <span class='ocr_line' id='line_1_34' title="bbox 218 3768 1502 3850; baseline -0.003 -19"><span class='ocrx_word' id='word_1_331' title='bbox 218 3773 251 3831; x_wconf 90' lang='lat' dir='ltr'>et</span> <span class='ocrx_word' id='word_1_332' title='bbox 274 3770 422 3850; x_wconf 80' lang='grc' dir='ltr'><strong><em>σχαδόνας</em></strong></span> <span class='ocrx_word' id='word_1_333' title='bbox 445 3788 504 3849; x_wconf 93' lang='lat' dir='ltr'>pro</span> <span class='ocrx_word' id='word_1_334' title='bbox 527 3773 759 3846; x_wconf 86' lang='lat' dir='ltr'>nominativis,</span> <span class='ocrx_word' id='word_1_335' title='bbox 792 3787 852 3832; x_wconf 88' lang='lat' dir='ltr'>nec</span> <span class='ocrx_word' id='word_1_336' title='bbox 876 3786 925 3832; x_wconf 89' lang='lat' dir='ltr'>vs.</span> <span class='ocrx_word' id='word_1_337' title='bbox 949 3772 969 3831; x_wconf 88' lang='lat'>8</span> <span class='ocrx_word' id='word_1_338' title='bbox 993 3771 1191 3831; x_wconf 83' lang='grc' dir='ltr'><strong><em>νοπιώσαισιν</em></strong></span> <span class='ocrx_word' id='word_1_339' title='bbox 1214 3769 1425 3849; x_wconf 76' lang='grc' dir='ltr'><strong><em>ίχορηγήσατε,</em></strong></span> <span class='ocrx_word' id='word_1_340' title='bbox 1448 3768 1502 3828; x_wconf 88' lang='lat' dir='ltr'>ubi</span> 
     </span>
     <span class='ocr_line' id='line_1_35' title="bbox 218 3872 1261 3949; baseline 0.002 -17"><span class='ocrx_word' id='word_1_341' title='bbox 218 3874 337 3933; x_wconf 88' lang='lat' dir='ltr'>merito</span> <span class='ocrx_word' id='word_1_342' title='bbox 360 3873 452 3935; x_wconf 84' lang='lat' dir='ltr'>Kock</span> <span class='ocrx_word' id='word_1_343' title='bbox 474 3875 599 3949; x_wconf 85' lang='lat' dir='ltr'>recepit</span> <span class='ocrx_word' id='word_1_344' title='bbox 622 3874 783 3949; x_wconf 81' lang='lat' dir='ltr'>optimam</span> <span class='ocrx_word' id='word_1_345' title='bbox 807 3872 959 3933; x_wconf 82' lang='lat' dir='ltr'>Meinelrii</span> <span class='ocrx_word' id='word_1_346' title='bbox 983 3873 1261 3934; x_wconf 87' lang='lat' dir='ltr'>emendationem.</span> 
     </span>
    </p>

    <p class='ocr_par' dir='ltr' id='par_1_13' title="bbox 176 3971 1505 4155">
     <span class='ocr_line' id='line_1_36' title="bbox 176 3971 1503 4054; baseline -0.002 -21"><span class='ocrx_word' id='word_1_347' title='bbox 176 3974 227 4034; x_wconf 87' lang='lat' dir='ltr'>Fr.</span> <span class='ocrx_word' id='word_1_348' title='bbox 241 3974 317 4051; x_wconf 94' lang='grc'><strong>318,</strong></span> <span class='ocrx_word' id='word_1_349' title='bbox 333 3976 363 4036; x_wconf 93' lang='grc'><strong>2.</strong></span> <span class='ocrx_word' id='word_1_350' title='bbox 382 3973 521 4054; x_wconf 62' lang='lat' dir='ltr'>capidona.</span> <span class='ocrx_word' id='word_1_351' title='bbox 541 3976 644 4037; x_wconf 86' lang='lat' dir='ltr'>Docet</span> <span class='ocrx_word' id='word_1_352' title='bbox 661 3975 781 4037; x_wconf 89' lang='lat' dir='ltr'>iacobii</span> <span class='ocrx_word' id='word_1_353' title='bbox 794 3976 898 4036; x_wconf 83' lang='lat' dir='ltr'>index</span> <span class='ocrx_word' id='word_1_354' title='bbox 910 3975 1135 4049; x_wconf 89' lang='lat' dir='ltr'>antiquiorum</span> <span class='ocrx_word' id='word_1_355' title='bbox 1149 3975 1348 4036; x_wconf 88' lang='lat' dir='ltr'>comicorum</span> <span class='ocrx_word' id='word_1_356' title='bbox 1363 3971 1503 4048; x_wconf 83' lang='lat' dir='ltr'>Cratini,</span> 
     </span>
     <span class='ocr_line' id='line_1_37' title="bbox 220 4069 1505 4155; baseline -0.002 -21"><span class='ocrx_word' id='word_1_357' title='bbox 220 4074 402 4152; x_wconf 79' lang='lat' dir='ltr'>Eupolidis,</span> <span class='ocrx_word' id='word_1_358' title='bbox 423 4077 657 4153; x_wconf 84' lang='lat' dir='ltr'>Aristophanis</span> <span class='ocrx_word' id='word_1_359' title='bbox 678 4093 752 4138; x_wconf 85' lang='lat' dir='ltr'>esse</span> <span class='ocrx_word' id='word_1_360' title='bbox 764 4074 1011 4155; x_wconf 84' lang='grc' dir='ltr'><strong><em>αᾱρίς,καρί6ος,</em></strong></span> <span class='ocrx_word' id='word_1_361' title='bbox 1030 4077 1250 4137; x_wconf 88' lang='lat' dir='ltr'>recentiorum</span> <span class='ocrx_word' id='word_1_362' title='bbox 1264 4069 1505 4152; x_wconf 76' lang='grc' dir='ltr'><strong><em>ταρίς,ααρι”6ος.</em></strong></span> 
     </span>
    </p>

    <p class='ocr_par' dir='ltr' id='par_1_14' title="bbox 176 4176 1057 4254">
     <span class='ocr_line' id='line_1_38' title="bbox 176 4176 1057 4254; baseline 0.002 -19"><span class='ocrx_word' id='word_1_363' title='bbox 176 4177 229 4237; x_wconf 89' lang='lat' dir='ltr'>Fr.</span> <span class='ocrx_word' id='word_1_364' title='bbox 253 4176 328 4237; x_wconf 83' lang='lat'>319.</span> <span class='ocrx_word' id='word_1_365' title='bbox 351 4176 509 4252; x_wconf 85' lang='lat' dir='ltr'>Apposite</span> <span class='ocrx_word' id='word_1_366' title='bbox 533 4179 581 4239; x_wconf 94' lang='lat' dir='ltr'>Bl.</span> <span class='ocrx_word' id='word_1_367' title='bbox 606 4179 663 4240; x_wconf 89' lang='lat' dir='ltr'>cit.</span> <span class='ocrx_word' id='word_1_368' title='bbox 688 4178 785 4254; x_wconf 87' lang='lat' dir='ltr'>Vesp.</span> <span class='ocrx_word' id='word_1_369' title='bbox 814 4179 897 4238; x_wconf 81' lang='lat'>1151</span> <span class='ocrx_word' id='word_1_370' title='bbox 924 4181 958 4238; x_wconf 89' lang='lat' dir='ltr'>et</span> <span class='ocrx_word' id='word_1_371' title='bbox 981 4177 1057 4237; x_wconf 90' lang='grc'><strong>913.</strong></span> 
     </span>
    </p>

    <p class='ocr_par' dir='ltr' id='par_1_15' title="bbox 177 4277 1507 4962">
     <span class='ocr_line' id='line_1_39' title="bbox 177 4277 1504 4361; baseline 0 -24"><span class='ocrx_word' id='word_1_372' title='bbox 177 4279 228 4361; x_wconf 74' lang='lat' dir='ltr'>Fr.</span> <span class='ocrx_word' id='word_1_373' title='bbox 254 4277 329 4353; x_wconf 90' lang='grc'><strong>320,</strong></span> <span class='ocrx_word' id='word_1_374' title='bbox 358 4279 373 4338; x_wconf 95' lang='grc'>1</span> <span class='ocrx_word' id='word_1_375' title='bbox 399 4294 469 4353; x_wconf 88' lang='lat' dir='ltr'>sqq.</span> <span class='ocrx_word' id='word_1_376' title='bbox 499 4279 649 4340; x_wconf 86' lang='lat' dir='ltr'>Similem</span> <span class='ocrx_word' id='word_1_377' title='bbox 680 4280 794 4341; x_wconf 91' lang='lat' dir='ltr'>mundi</span> <span class='ocrx_word' id='word_1_378' title='bbox 818 4278 990 4340; x_wconf 88' lang='lat' dir='ltr'>muliebris</span> <span class='ocrx_word' id='word_1_379' title='bbox 1014 4278 1299 4339; x_wconf 87' lang='lat' dir='ltr'>enumerationem</span> <span class='ocrx_word' id='word_1_380' title='bbox 1322 4293 1396 4338; x_wconf 89' lang='lat' dir='ltr'>esse</span> <span class='ocrx_word' id='word_1_381' title='bbox 1420 4277 1504 4352; x_wconf 91' lang='lat' dir='ltr'>apud</span> 
     </span>
     <span class='ocr_line' id='line_1_40' title="bbox 218 4378 1502 4458; baseline 0 -20"><span class='ocrx_word' id='word_1_382' title='bbox 218 4378 451 4440; x_wconf 88' lang='lat' dir='ltr'>Pherecratem</span> <span class='ocrx_word' id='word_1_383' title='bbox 487 4378 518 4439; x_wconf 79' lang='grc' dir='ltr'><strong><em>ἐν</em></strong></span> <span class='ocrx_word' id='word_1_384' title='bbox 553 4379 670 4458; x_wconf 78' lang='grc' dir='ltr'><strong><em>Λήροις</em></strong></span> <span class='ocrx_word' id='word_1_385' title='bbox 706 4384 742 4441; x_wconf 88' lang='lat' dir='ltr'>et</span> <span class='ocrx_word' id='word_1_386' title='bbox 774 4381 917 4441; x_wconf 87' lang='lat' dir='ltr'>Nicostr.</span> <span class='ocrx_word' id='word_1_387' title='bbox 949 4381 987 4441; x_wconf 85' lang='lat' dir='ltr'>lr.</span> <span class='ocrx_word' id='word_1_388' title='bbox 1014 4381 1056 4440; x_wconf 86' lang='lat'>33</span> <span class='ocrx_word' id='word_1_389' title='bbox 1087 4381 1203 4440; x_wconf 89' lang='lat' dir='ltr'>monet</span> <span class='ocrx_word' id='word_1_390' title='bbox 1232 4379 1280 4439; x_wconf 88' lang='lat' dir='ltr'>Bl.</span> <span class='ocrx_word' id='word_1_391' title='bbox 1312 4379 1368 4439; x_wconf 89' lang='lat' dir='ltr'>Vs.</span> <span class='ocrx_word' id='word_1_392' title='bbox 1395 4380 1411 4438; x_wconf 94' lang='lat'>1</span> <span class='ocrx_word' id='word_1_393' title='bbox 1448 4379 1502 4438; x_wconf 88' lang='lat' dir='ltr'>cit.</span> 
     </span>
     <span class='ocr_line' id='line_1_41' title="bbox 218 4479 1504 4556; baseline -0.001 -17"><span class='ocrx_word' id='word_1_394' title='bbox 218 4480 358 4540; x_wconf 86' lang='lat' dir='ltr'>Martial.</span> <span class='ocrx_word' id='word_1_395' title='bbox 382 4479 430 4540; x_wconf 85' lang='lat' dir='ltr'>XI</span> <span class='ocrx_word' id='word_1_396' title='bbox 453 4481 551 4556; x_wconf 90' lang='grc'><strong>98,6</strong></span> <span class='ocrx_word' id='word_1_397' title='bbox 591 4481 679 4556; x_wconf 81' lang='lat' dir='ltr'>„Nec</span> <span class='ocrx_word' id='word_1_398' title='bbox 715 4481 808 4542; x_wconf 87' lang='lat' dir='ltr'>labra</span> <span class='ocrx_word' id='word_1_399' title='bbox 841 4481 956 4556; x_wconf 81' lang='lat' dir='ltr'>pingui</span> <span class='ocrx_word' id='word_1_400' title='bbox 987 4480 1129 4540; x_wconf 87' lang='lat' dir='ltr'>delibato</span> <span class='ocrx_word' id='word_1_401' title='bbox 1161 4480 1305 4539; x_wconf 88' lang='lat' dir='ltr'>cerato.’&#39;</span> <span class='ocrx_word' id='word_1_402' title='bbox 1336 4480 1435 4539; x_wconf 89' lang='lat' dir='ltr'>Plura</span> <span class='ocrx_word' id='word_1_403' title='bbox 1464 4479 1504 4539; x_wconf 89' lang='lat' dir='ltr'>do</span> 
     </span>
     <span class='ocr_line' id='line_1_42' title="bbox 221 4577 1503 4658; baseline -0.004 -17"><span class='ocrx_word' id='word_1_404' title='bbox 221 4582 283 4642; x_wconf 92' lang='lat' dir='ltr'>hoc</span> <span class='ocrx_word' id='word_1_405' title='bbox 313 4581 383 4642; x_wconf 92' lang='lat' dir='ltr'>loco</span> <span class='ocrx_word' id='word_1_406' title='bbox 412 4582 500 4642; x_wconf 90' lang='lat' dir='ltr'>idem</span> <span class='ocrx_word' id='word_1_407' title='bbox 523 4597 598 4658; x_wconf 81' lang='lat' dir='ltr'>pag.</span> <span class='ocrx_word' id='word_1_408' title='bbox 624 4583 686 4642; x_wconf 91' lang='grc'>307</span> <span class='ocrx_word' id='word_1_409' title='bbox 713 4598 760 4655; x_wconf 88' lang='lat' dir='ltr'>sq.</span> <span class='ocrx_word' id='word_1_410' title='bbox 788 4616 827 4623; x_wconf 89' lang='lat'>—</span> <span class='ocrx_word' id='word_1_411' title='bbox 853 4581 909 4642; x_wconf 92' lang='lat' dir='ltr'>Vs.</span> <span class='ocrx_word' id='word_1_412' title='bbox 935 4582 965 4641; x_wconf 84' lang='lat'>3.</span> <span class='ocrx_word' id='word_1_413' title='bbox 998 4579 1044 4642; x_wconf 81' lang='grc'>01.</span> <span class='ocrx_word' id='word_1_414' title='bbox 1077 4581 1179 4642; x_wconf 90' lang='lat' dir='ltr'>etiam</span> <span class='ocrx_word' id='word_1_415' title='bbox 1202 4580 1297 4641; x_wconf 90' lang='lat' dir='ltr'>Phot.</span> <span class='ocrx_word' id='word_1_416' title='bbox 1323 4577 1503 4657; x_wconf 79' lang='grc' dir='ltr'><strong><em>ὄλεθρον·</em></strong></span> 
     </span>
     <span class='ocr_line' id='line_1_43' title="bbox 220 4680 1503 4762; baseline -0.002 -20"><span class='ocrx_word' id='word_1_417' title='bbox 220 4681 252 4742; x_wconf 88' lang='grc' dir='ltr'><strong><em>τὸ</em></strong></span> <span class='ocrx_word' id='word_1_418' title='bbox 276 4682 502 4761; x_wconf 81' lang='grc' dir='ltr'><strong><em>&lt;κοσ&gt;μάριον</em></strong></span> <span class='ocrx_word' id='word_1_419' title='bbox 525 4682 558 4742; x_wconf 85' lang='grc' dir='ltr'><strong><em>τὸ</em></strong></span> <span class='ocrx_word' id='word_1_420' title='bbox 581 4686 769 4762; x_wconf 77' lang='grc' dir='ltr'><strong><em>γυναικεῖον,</em></strong></span> <span class='ocrx_word' id='word_1_421' title='bbox 792 4687 829 4744; x_wconf 77' lang='lat' dir='ltr'>ut</span> <span class='ocrx_word' id='word_1_422' title='bbox 852 4683 887 4743; x_wconf 91' lang='grc' dir='ltr'><strong>Ο.</strong></span> <span class='ocrx_word' id='word_1_423' title='bbox 910 4681 1088 4742; x_wconf 82' lang='lat' dir='ltr'>Schneider</span> <span class='ocrx_word' id='word_1_424' title='bbox 1112 4683 1189 4741; x_wconf 79' lang='lat' dir='ltr'>ante</span> <span class='ocrx_word' id='word_1_425' title='bbox 1209 4681 1249 4742; x_wconf 85' lang='lat' dir='ltr'>ll.</span> <span class='ocrx_word' id='word_1_426' title='bbox 1269 4680 1419 4741; x_wconf 79' lang='lat' dir='ltr'>Schmidt</span> <span class='ocrx_word' id='word_1_427' title='bbox 1438 4695 1503 4740; x_wconf 80' lang='lat' dir='ltr'>cor·</span> 
     </span>
     <span class='ocr_line' id='line_1_44' title="bbox 220 4781 1507 4863; baseline -0.002 -19"><span class='ocrx_word' id='word_1_428' title='bbox 220 4785 308 4845; x_wconf 83' lang='lat' dir='ltr'>rexit</span> <span class='ocrx_word' id='word_1_429' title='bbox 338 4799 396 4858; x_wconf 92' lang='lat' dir='ltr'>pro</span> <span class='ocrx_word' id='word_1_430' title='bbox 427 4782 541 4863; x_wconf 85' lang='grc' dir='ltr'><strong><em>μόριον.</em></strong></span> <span class='ocrx_word' id='word_1_431' title='bbox 567 4818 607 4829; x_wconf 92' lang='grc'><strong>-</strong></span> <span class='ocrx_word' id='word_1_432' title='bbox 637 4784 693 4845; x_wconf 86' lang='lat' dir='ltr'>Vs.</span> <span class='ocrx_word' id='word_1_433' title='bbox 722 4786 752 4861; x_wconf 89' lang='grc'><strong>9,</strong></span> <span class='ocrx_word' id='word_1_434' title='bbox 778 4784 850 4845; x_wconf 89' lang='lat' dir='ltr'>coll.</span> <span class='ocrx_word' id='word_1_435' title='bbox 876 4783 1058 4844; x_wconf 78' lang='lat' dir='ltr'>Clementis</span> <span class='ocrx_word' id='word_1_436' title='bbox 1080 4782 1235 4858; x_wconf 88' lang='lat' dir='ltr'>lectione,</span> <span class='ocrx_word' id='word_1_437' title='bbox 1260 4782 1309 4843; x_wconf 91' lang='lat' dir='ltr'>Bl.</span> <span class='ocrx_word' id='word_1_438' title='bbox 1335 4781 1507 4842; x_wconf 90' lang='lat' dir='ltr'>continuat</span> 
     </span>
     <span class='ocr_line' id='line_1_45' title="bbox 223 4883 1503 4962; baseline -0.003 -16"><span class='ocrx_word' id='word_1_439' title='bbox 223 4901 383 4961; x_wconf 86' lang='lat' dir='ltr'>personae</span> <span class='ocrx_word' id='word_1_440' title='bbox 403 4888 445 4962; x_wconf 86' lang='grc' dir='ltr'><strong>Α,</strong></span> <span class='ocrx_word' id='word_1_441' title='bbox 471 4887 636 4946; x_wconf 89' lang='lat' dir='ltr'>coniciens</span> <span class='ocrx_word' id='word_1_442' title='bbox 664 4883 719 4945; x_wconf 82' lang='grc' dir='ltr'><strong><em>οὐκ</em></strong></span> <span class='ocrx_word' id='word_1_443' title='bbox 742 4883 823 4957; x_wconf 79' lang='grc' dir='ltr'><strong><em>ἔλεξα</em></strong></span> <span class='ocrx_word' id='word_1_444' title='bbox 844 4906 900 4944; x_wconf 88' lang='grc' dir='ltr'><strong><em>πα.</em></strong></span> <span class='ocrx_word' id='word_1_445' title='bbox 922 4917 962 4928; x_wconf 90' lang='grc'>-</span> <span class='ocrx_word' id='word_1_446' title='bbox 984 4883 1040 4944; x_wconf 90' lang='lat' dir='ltr'>Vs.</span> <span class='ocrx_word' id='word_1_447' title='bbox 1068 4885 1107 4943; x_wconf 92' lang='grc'>14</span> <span class='ocrx_word' id='word_1_448' title='bbox 1131 4898 1179 4958; x_wconf 86' lang='lat' dir='ltr'>sq.</span> <span class='ocrx_word' id='word_1_449' title='bbox 1212 4885 1246 4944; x_wconf 92' lang='lat' dir='ltr'>in</span> <span class='ocrx_word' id='word_1_450' title='bbox 1278 4884 1394 4944; x_wconf 85' lang='lat' dir='ltr'>Kockii</span> <span class='ocrx_word' id='word_1_451' title='bbox 1431 4897 1503 4943; x_wconf 89' lang='lat' dir='ltr'>con·</span> 
     </span>
    </p>
   </div>
   <div class='ocr_carea' id='block_1_3' title="bbox 0 0 1758 5512">
    <p class='ocr_par' dir='ltr' id='par_1_16' title="bbox 0 0 1758 5512">
     <span class='ocr_line' id='line_1_46' title="bbox 0 0 1758 5512; baseline 0 0"><span class='ocrx_word' id='word_1_452' title='bbox 0 0 1758 5512; x_wconf 95' lang='lat' dir='ltr'> </span> 
     </span>
    </p>
   </div>
  </div>
 </body>
</html>
