3502 5512
796 411 836 471 37

199 592 427 667 corrigendum
459 609 532 654 esse
561 594 762 655 tralaticium
794 608 939 654 errorem
969 589 1132 669 κινουμένη
1163 593 1196 651 in
1225 588 1399 669 βινουμένη.
1427 592 1477 652 hd

199 692 385 769 παχυσκελής
420 694 563 764 (ibidem)
602 694 642 755 ci.
674 697 790 755 notum
822 693 1032 770 proverbium
1064 690 1104 752 τὼ
1139 691 1217 771 (γάρ)
1249 688 1337 768 σκέλη
1371 696 1477 770 παχεῖα

199 791 307 870 μισητὴ
330 795 418 873 γύνη.

244 893 430 970 Anagyri
453 896 613 972 relliquiis
637 899 778 958 accessit
801 913 818 958 o
838 899 944 958 lexico
972 895 1158 956 Sabbaitico
1181 911 1211 970 p.
1239 896 1348 970 17,10
1376 900 1475 973 <hipr-

199 993 405 1073 στοφάνηςῗ)
433 996 582 1081 Ἀναγύρῳ

783 1095 983 1173 ἕκλιμάκισεν,
1006 1091 1070 1157 ὥστ’
1096 1095 1138 1167 εἰς
1161 1094 1255 1175 μέσην

444 1195 545 1258 ἔπιπτε
568 1198 622 1275 τὴν
645 1198 761 1276 τάφρον

199 1297 268 1374 ubi,
305 1298 377 1360 coll.
409 1300 448 1360 ir.
480 1301 627 1375 41-43,
662 1300 702 1359 de
733 1315 815 1374 equo
850 1300 976 1360 dictum
1008 1314 1082 1360 esso
1110 1300 1305 1376 πλιμαιιίῑειν,
1334 1300 1476 1361 tortasse

200 1400 441 1474 „aunaumon”
465 1400 655 1475 significans
678 1402 797 1462 statuit
821 1402 912 1463 Koclr
935 1402 1016 1461 Mna.
1042 1400 1145 1461 Rhen.
1175 1402 1268 1476 1893,
1289 1417 1319 1476 p.
1344 1403 1419 1462 686.

154 1501 206 1561 Fr.
231 1503 283 1561 66.
308 1501 507 1576 Theopompi
530 1502 569 1562 fr.
594 1503 713 1563 11769
738 1505 771 1563 et
795 1503 871 1578 Lys,
898 1503 961 1562 269
987 1502 1042 1562 cft.
1067 1502 1116 1561 Bl.

155 1600 208 1661 Fr.
233 1602 286 1662 68.
317 1602 402 1678 Aple
431 1602 480 1663 Bl.
511 1603 565 1663 cit.
597 1603 777 1678 Sophronis
805 1603 844 1664 fr.
870 1605 911 1664 51
936 1602 986 1662 ταί
1006 1625 1044 1682 γα
1067 1599 1126 1680 μάν
1150 1601 1254 1682 κόγχαι
1272 1601 1477 1679 -κεχάναντι

199 1697 272 1778 ἁμὶν
295 1711 397 1762 πᾶσαι.

154 1803 205 1864 Fr.
232 1805 283 1864 76.
315 1803 397 1879 Quia
430 1802 558 1884 ἐννεύει,
590 1809 628 1867 ut
661 1809 778 1867 monet
807 1806 914 1882 Kock,
946 1821 1109 1879 nusquam
1136 1805 1215 1866 alibi
1239 1806 1324 1881 apud
1348 1805 1477 1866 Atticos

199 1905 353 1980 occurrit,
377 1906 519 1967 fortasse
541 1906 736 1982 legendum:

757 2006 936 2068 ἐπινεύει
960 2028 995 2084 με
1018 2007 1142 2086 φεύγειν
1167 1993 1278 2083 οἴκαδε,

199 2107 220 2167 1.
245 2124 273 2168 e.
297 2108 519 2169 adnuendo
542 2110 773 2185 significat
797 2125 857 2170 mo
881 2110 1030 2183 fugere
1054 2109 1227 2169 domum.

155 2208 207 2267 Fr.
232 2209 284 2268 77.
308 2209 357 2269 Bl.
382 2209 437 2271 cit.
463 2209 552 2270 Gom.
573 2211 683 2286 adesp.
708 2212 772 2271 692
793 2218 912 2271 καπνοῦ
936 2208 1023 2269 σκιάν
1046 2207 1189 2269 δέδοικεν.

155 2309 207 2368 Fr.
232 2309 285 2369 80.
310 2308 357 2370 Gi.
381 2310 455 2371 Eur.
480 2311 553 2371 Hel.
581 2312 677 2372 1609.

154 2410 206 2470 Fr.
231 2411 284 2471 82.
309 2409 499 2483 tristemur)
523 2416 656 2488 proptor
679 2412 838 2488 Hilbergii
861 2414 1044 2474 doctrinam
1068 2414 1158 2473 recte
1179 2413 1327 2487 postulat
1354 2412 1476 2472 Nauck.

155 2512 207 2572 Fr.
232 2512 286 2572 87.
310 2508 378 2572 ἀνθ’
400 2507 572 2592 Ἑρμιόνης
597 2514 679 2574 bene
702 2513 751 2575 Bl.

155 2613 206 2673 Fr.
233 2614 306 2674 103.
330 2615 369 2674 In
392 2615 500 2675 Photii
522 2615 593 2676 loco
617 2613 890 2692 περιπεπλασμένος
914 2615 953 2676 do
975 2616 1070 2690 panis
1093 2615 1237 2675 nondum
1262 2615 1346 2676 cocti
1366 2629 1479 2675 massa

199 2714 325 2774 dictum
348 2715 479 2776 dolendi
500 2731 597 2791 posse
627 2717 758 2778 videtur
781 2733 801 2777 a
824 2717 990 2792 Blaydosii
1013 2716 1202 2778 coniectura
1224 2712 1478 2795 περιπεπαρμένος

200 2818 316 2897 (panop
340 2815 439 2900 ξύλῳ).

156 2916 207 2977 Fr.
235 2918 307 2978 105.
332 2917 482 2979 Antehac
505 2920 611 2979 suasi:
653 2952 656 2959 ·

401 3018 459 3093 ,εἰ
480 3019 527 3095 μὴ
548 3014 764 3098 ’γκιλικίσαιμύ,
785 3017 961 3099 ἕξολοίμηά,
983 3020 1064 3095 φάθι
1086 3017 1188 3099 λέγων.

198 3118 246 3179 Β1.
282 3119 336 3179 cit.
371 3116 585 3192 ἐνθειιαλίζειν
627 3121 750 3197 (Eupol.
788 3122 862 3191 201)
906 3132 940 3182 ot
975 3120 1114 3192 αἰολίζειν
1149 3122 1246 3197 Soph.
1282 3121 1320 3182 ir.
1356 3123 1421 3183 846
1436 3145 1477 3168 --

199 3220 265 3280 626
289 3213 383 3280 ch2.

153 3321 204 3381 llr.
232 3322 305 3382 106.
331 3322 556 3397 Proponebam
579 3316 690 3401 Λάχητ’
715 3307 776 3383 υᾸ
790 3321 840 3383 καὶ
865 3321 1026 3404 Μεγακλέα
1048 3321 1099 3383 καὶ
1121 3323 1277 3402 Λάμαχον.

154 3422 206 3482 Fr.
235 3423 307 3498 108,
335 3425 362 3483 l.
387 3432 480 3495 συκᾶς
504 3424 624 3501 φυτεύω
648 3424 774 3484 πάντα
796 3423 875 3502 πλὴν
899 3430 1088 3503 Λακωνικῆς.

243 3521 389 3601 Κάρια,
425 3526 509 3600 quod
544 3527 631 3588 iusto
666 3525 884 3589 confidentius
918 3528 1026 3587 textui
1056 3527 1169 3587 intulit
1198 3527 1305 3603 Koch,
1338 3530 1481 3589 nonest

199 3626 308 3700 aptius
342 3642 441 3702 quam
472 3629 502 3688 si
532 3630 635 3689 latine
665 3629 756 3689 dicas
786 3630 899 3690 licus
923 3628 1047 3690 valde
1077 3644 1185 3703 sero,
1211 3631 1271 3689 aut
1293 3629 1479 3703 germanice

200 3727 268 3788 ich
303 3729 473 3804 pilanae
507 3731 603 3791 sehr
638 3730 959 3805 Feigenbaitme.
996 3730 1073 3790 Mihi
1109 3731 1167 3789 aut
1196 3745 1316 3790 sanum
1352 3730 1480 3790 ridetur

199 3828 311 3907 πάνια,
333 3832 429 3893 modo
452 3847 627 3893 sumamus
650 3832 752 3892 luisse
776 3832 809 3891 in
833 3833 1038 3907 praegressis
1061 3827 1135 3889 κατὰ
1153 3829 1205 3890 τὸν
1224 3828 1317 3909 ἀγρόν
1335 3830 1480 3891 similive

201 3932 294 4013 quid,
330 3935 388 3993 aut
421 3933 569 3993 admissa
603 3932 756 3993 Meinelrii
792 3933 874 3992 coni.
910 3935 993 3991 πάνυ
1027 3952 1068 4009 τι,
1102 3946 1236 3992 vorsum
1270 3930 1318 3992 sic
1349 3931 1479 4008 explen-

202 4032 281 4094 dum
305 4048 396 4094 osso:

339 4127 436 4200 (οὐδ’
461 4131 546 4213 ἐγὼ)
575 4143 667 4206 συκᾶς
690 4134 810 4211 φυτεύω
833 4133 936 4194 πάνυ
957 4156 990 4194 τι
1013 4132 1092 4211 πλὴν
1115 4138 1306 4210 Λακωνικῆς.
1412 4215 1415 4221 Ι

202 4236 411 4308 quodetiam
435 4236 593 4311 praefero.

157 4336 209 4397 Fr.
236 4337 308 4412 109,
335 4338 363 4397 3.
388 4338 475 4398 Ante
487 4338 535 4398 Bl.
557 4338 648 4397 suasi
666 4334 805 4413 διέλκειν,
826 4337 1069 4399 dubitabundus
1087 4341 1200 4399 tamen
1220 4338 1260 4398 ob
1279 4339 1481 4412 praegressis

202 4439 357 4518 acrisios,
382 4441 416 4498 et
440 4454 488 4499 vs.
514 4442 533 4498 4
558 4436 694 4517 ῥυπαρὸν
717 4453 775 4515 pro
799 4437 940 4515 irrupto,
968 4439 1053 4514 quod
1084 4438 1208 4514 placuit
1231 4438 1331 4498 etiam
1355 4436 1480 4499 Nahero

202 4542 237 4600 et
259 4539 447 4616 Blaydesio‚
480 4539 535 4614 qui
565 4541 680 4598 tamen
711 4539 781 4614 ipse
807 4539 984 4600 violentius
1008 4541 1091 4600 coni.
1115 4538 1256 4615 καθαράν
1279 4559 1309 4598 τε
1332 4536 1482 4617 ῥάφανον.

203 4640 307 4701 Hodie
330 4640 443 4700 dubito
467 4655 508 4699 an
531 4637 658 4715 irrupto
682 4640 788 4713 possit
810 4640 949 4701 defendi.

158 4743 210 4803 Fr.
237 4743 310 4818 110,
338 4744 365 4802 1.
398 4742 469 4802 Non
500 4740 671 4801 nominato
703 4744 812 4816 poeta,
834 4742 866 4802 h.
892 4757 940 4802 vs.
965 4742 1030 4817 legi
1053 4742 1137 4818 apud
1162 4740 1301 4801 Atilium
1326 4740 1480 4801 Fortuna·

203 4846 289 4919 tum,
314 4843 399 4904 Keil.
425 4842 478 4903 Gr.
503 4843 575 4903 Lat.
600 4841 644 4902 Vi
668 4858 698 4917 p,
722 4844 796 4920 291,
825 4845 840 4903 1
865 4844 996 4904 monuit
1019 4843 1141 4904 Nauck.

160 4944 212 5004 Fr.
239 4945 312 5004 111.
343 4943 544 5020 Διαφντεύειν
574 4942 729 5018 intellego
753 4943 792 5004 de
815 4943 960 5017 platanis
983 4944 1128 5004 ordine
1151 4945 1184 5004 et
1208 4945 1307 5005 cortis
1330 4942 1483 5004 interval·
