3502 5512
840 334 902 396 135

255 522 337 600 Quid
370 521 434 582 slbi
464 521 545 583 vellt
575 521 725 583 additum
755 517 775 599 ἢ
805 516 909 597 θέσιν,
933 521 1017 581 mibi
1041 523 1174 597 quidem
1205 524 1440 599 perobscurum
1471 526 1532 585 est.

255 625 342 685 Num
371 623 435 685 tuit
464 622 546 696 τάξιν
577 619 760 699 εὔθετον,
783 622 1000 684 idoneam?
1032 623 1079 685 cf.
1103 625 1224 685 Iacobii
1248 625 1351 686 Index
1373 640 1445 685 av.
1470 623 1534 685 Gur

254 725 482 804 περικομμάταν
516 724 613 785 malit
646 724 695 785 Bl.
728 724 853 799 ignom.
880 758 919 768 —
945 724 1001 786 VS.
1027 726 1079 785 20.
1111 721 1187 802 δεῦρ’
1222 723 1268 785 ἀεὶ
1298 725 1348 786 Bl.
1379 725 1442 787 sed
1471 725 1534 786 hoc

254 842 371 902 graece
404 824 570 901 significat
601 825 835 902 bucusque,
867 825 952 899 quod
983 825 1036 886 bic
1066 842 1168 887 sensu
1199 829 1298 888 caret.
1331 828 1455 888 Sanum
1483 829 1534 887 est

256 921 333 1006 δεῦρ’
359 925 429 1005 ἅμα.

210 1030 262 1091 Fr.
294 1029 325 1107 4,
356 1030 386 1091 2.
421 1029 617 1105 Lucianum,
653 1040 792 1103 pravum
826 1026 947 1088 sinceri
981 1028 1144 1089 atticismi
1178 1033 1360 1106 auctorem,
1397 1030 1533 1091 verbum

253 1135 476 1210 καταχρῆσθαι,
498 1129 638 1191 utendi
669 1142 783 1202 sensu,
816 1142 892 1188 oum
920 1128 1033 1190 dativo
1061 1131 1274 1191 coniunxisse
1304 1130 1386 1191 nihil
1410 1146 1531 1192 moror.

265 1232 495 1295 Coniecturam
519 1246 630 1293 meam
653 1239 689 1314 τῇ
708 1233 798 1313 σχολῇ
817 1230 935 1291 merito
955 1231 1072 1307 probat
1091 1232 1140 1292 Bl.
1162 1233 1224 1293 Sed
1243 1234 1351 1293 totum
1370 1233 1532 1307 fragmen·

255 1337 328 1396 tum
351 1334 490 1395 laborat.

298 1435 353 1497 Vs.
379 1437 408 1497 2.
433 1429 498 1511 τιν’,
521 1435 550 1494 si
573 1448 694 1494 sanum
718 1433 783 1509 est,
812 1433 897 1492 miro
922 1432 1097 1494 verborum
1120 1435 1233 1495 ordine
1256 1434 1459 1509 iungendum
1483 1434 1535 1493 est

253 1552 320 1598 non
351 1551 426 1597 cum
456 1536 609 1611 proximo
640 1533 771 1611 νιλυίνυν,
799 1534 856 1594 sed
889 1549 964 1594 cum
989 1536 1217 1596 remotissimo
1241 1536 1374 1596 nomine
1398 1531 1534 1610 Κηφισό-

253 1637 365 1717 δαρυν,
388 1652 504 1699 verum
530 1635 771 1711 corruptissimi
790 1638 869 1696 sunt
888 1651 1005 1697 versus
1029 1637 1049 1698 4
1073 1653 1138 1714 sq.,
1159 1638 1277 1712 quibus
1295 1652 1360 1697 non
1384 1636 1534 1697 medetur

253 1740 369 1802 Kockii
392 1740 597 1801 coniectura:

452 1847 559 1900 τοῦτον
581 1837 701 1917 ταχὺν
725 1834 819 1898 ὄντα
842 1836 973 1917 wedrad
998 1837 1087 1916 σιμὸν
1110 1836 1295 1919 ἀνατρέχειν,

453 1940 549 2019 ἥσυχα
573 1935 605 1999 δέ
627 1936 812 1999 κατιέναι
830 1934 885 1999 ’πί
908 1948 951 2023 τῇ
978 1940 1187 2024 βακτηρία.

253 2044 291 2105 In
314 2044 421 2120 priore
444 2057 543 2104 versu
566 2055 721 2116 graecum
745 2041 829 2101 foret
851 2037 996 2118 ταχέας
1019 2037 1088 2118 μὲν
1111 2035 1146 2119 ¹),
1171 2042 1228 2102 sed
1252 2041 1327 2116 quid
1346 2055 1404 2116 pro
1425 2041 1534 2101 verbis

254 2142 386 2205 κατιέναι
422 2141 470 2204 iai
499 2152 535 2223 ιχ
558 2140 717 2221 βακτηρία,
747 2156 830 2215 quae
859 2141 1045 2217 significare
1075 2145 1243 2218 nequeunt
1276 2142 1534 2203 descendere

254 2245 404 2307 baculo
428 2245 701 2320 innitentem,
727 2244 997 2306 substituendum
1021 2247 1066 2307 sit
1089 2244 1219 2307 difficile
1242 2246 1332 2306 dictu
1356 2245 1417 2304 est.
1449 2243 1534 2302 Nam

255 2349 342 2408 recte
376 2346 508 2421 quidem
543 2346 669 2407 dictum
699 2345 784 2406 foret
815 2343 912 2424 ἥσυχα
944 2343 976 2405 δὲ
1005 2343 1152 2425 κατιέναι,
1181 2348 1211 2407 si
1234 2347 1422 2422 oppositum
1446 2346 1536 2406 esset

255 2444 363 2526 ταχέας
390 2443 444 2524 μὲν
469 2481 509 2491 -
534 2443 712 2525 ἀνατρέχειν.
743 2446 903 2507 Graecum
935 2449 986 2508 est
1012 2463 1069 2523 per
1091 2464 1127 2509 se
1150 2451 1337 2524 spectatum
1357 2448 1441 2522 quod
1465 2462 1534 2521 pro·

259 2550 351 2624 ponit
379 2549 428 2610 Bl.
452 2547 548 2627 ἥσυχα
572 2545 705 2608 καθέντα
728 2543 809 2626 σχῆμ’
837 2551 895 2609 aut
927 2544 947 2627 ἢ
977 2545 1167 2609 έττικαθεῐυαι
1190 2556 1287 2628 σχῆμα
1310 2558 1345 2632 τῇ
1376 2545 1536 2628 βακτηρίᾳ,

256 2651 314 2712 sed
343 2666 408 2711 non
446 2651 511 2711 nisi
545 2650 655 2710 addito
690 2649 827 2710 articulo
857 2648 1067 2711 substantivo
1097 2657 1211 2729 σχῆμα,
1241 2651 1275 2710 et
1305 2649 1381 2724 quid
1412 2663 1533 2723 quaeso

256 2751 379 2813 talibus
401 2752 442 2812 ad
461 2752 571 2812 locum
594 2749 826 2825 insanabilem,
850 2751 915 2810 nisi
938 2751 1045 2825 fallor,
1070 2752 1326 2828 intellegendum
1345 2748 1535 2826 proficitur?

256 2854 388 2914 Manum
410 2852 575 2914 abstinere
593 2852 692 2912 fuerit
710 2852 826 2913 satius.
846 2852 910 2913 Fac
929 2855 1042 2913 autem
1061 2853 1164 2914 latere
1183 2853 1384 2914 sententiam
1404 2850 1534 2926 qualem

256 2955 458 3030 excogitavit
480 2953 586 3030 Kock,
609 2951 793 3031 ταχυκιιθής
816 2955 862 3014 sit
884 2969 1019 3015 necesse
1043 2957 1108 3032 est,
1133 2955 1186 3015 oui
1209 2969 1248 3014 ea
1270 2949 1463 3013 satisfaciat.

211 3057 263 3118 Fr.
288 3058 319 3132 b,
344 3057 375 3118 2.
405 3056 466 3116 Pro
496 3055 586 3135 γυναι
608 3055 714 3117 multo
737 3055 937 3132 probabilius
960 3057 1106 3118 Meineke
1129 3057 1251 3117 κοτύλαι
1274 3055 1412 3116 coniecit
1434 3070 1534 3128 quam

256 3157 346 3218 Kook
376 3156 504 3236 κύμβαι,
533 3158 618 3232 quod
647 3158 704 3217 vix
726 3152 816 3217 dedit
837 3161 935 3232 poeta
957 3161 1088 3234 propter
1112 3173 1254 3233 sequens
1281 3157 1410 3236 κυμβίον
1434 3161 1532 3226 (nuno

256 3259 351 3319 video
382 3260 491 3334 ipsum
522 3259 697 3333 agnovisse
721 3272 865 3319 errorem
888 3259 935 3317 III
958 3275 988 3334 p.
1014 3261 1103 3335 745),
1129 3275 1189 3321 nec
1210 3259 1298 3320 male
1321 3259 1369 3318 Bl.
1395 3258 1534 3318 coniecit

256 3360 386 3437 κύλικες,
407 3360 464 3420 sed
489 3358 571 3420 nibil
596 3360 676 3419 certi
699 3363 867 3434 repertum
891 3361 952 3420 est.

212 3460 264 3520 l'r.
290 3461 342 3537 10,
366 3462 396 3521 5.
432 3459 631 3535 Recipienda
659 3460 768 3520 iuerat
797 3460 976 3535 Hirscbigii
1008 3463 1099 3522 certa
1121 3461 1311 3523 emendatio
1335 3457 1425 3530 αὐτὸς
1448 3458 1537 3519 κενό-

257 3581 345 3637 μενυς
368 3576 409 3621 ex
433 3561 516 3622 Men.
547 3561 686 3622 Monost.
711 3562 764 3622 43.
788 3561 901 3622 Nauck
932 3563 987 3623 oft.
1011 3562 1217 3624 Bacbmanni
1240 3563 1362 3624 Anecd.
1383 3563 1398 3621 Ι
1417 3577 1447 3637 p.
1472 3562 1534 3622 153

257 3665 292 3724 et
313 3665 397 3738 trag.
421 3663 459 3725 ir.
484 3679 514 3738 p.
539 3664 614 3724 795.

214 3860 340 3947 Eriphi
363 3863 403 3924 ir.
431 3866 458 3940 1,
484 3866 513 3924 2.
538 3864 600 3925 Pro
631 3860 763 3943 λέγουσι,
787 3864 871 3938 quod
898 3879 1019 3925 sanum
1043 3867 1108 3942 est,
1133 3864 1182 3926 Bl.
1207 3863 1339 3940 φατίζαν
1363 3865 1459 3939 (quod
1483 3868 1536 3926 est

257 3966 469 4041 tragicorum)
499 3969 557 4027 aut
579 3963 671 4045 λέγων
694 3987 737 4038 τις
761 3967 964 4042 (pronomine
987 3965 1156 4028 indefinito
1180 3967 1288 4027 alieno
1311 3966 1382 4027 loco
1405 3967 1535 4042 posito).

186 4067 264 4147 ¹Fr.
290 4068 321 4143 2,
346 4068 377 4128 8.
412 4067 627 4129 Conferebam
662 4071 739 4129 ante
773 4068 822 4129 Bl.
853 4068 938 4129 Plat.
969 4068 1111 4143 Euthyd.
1136 4069 1240 4128 204ss
1271 4065 1383 4147 τὸγὰρ
1407 4067 1536 4127 σπάνιον

256 4167 369 4246 τίμιον,
392 4169 445 4230 bie
468 4170 549 4231 Ran.
572 4172 634 4232 783
663 4167 763 4250 ὀλίγον
782 4168 814 4230 τὸ
833 4170 961 4248 χρηστόν
980 4168 1059 4230 ἐστιν
1082 4169 1180 4250 ὥσπερ
1204 4167 1324 4230 ἐνθάδε.
1348 4203 1387 4212 -
1411 4169 1467 4231 Vs.
1484 4171 1534 4230 13.

256 4270 451 4331 Admirabili
485 4273 667 4347 sagacitate
701 4272 737 4333 Ο.
757 4271 893 4333 Crusius
931 4274 1078 4334 restituit
1112 4274 1235 4351 Βερχαῐε
1265 4270 1452 4349 πολυτίμητε.
1489 4271 1535 4333 cf.

258 4370 348 4431 Kook
374 4371 421 4431 111
444 4389 474 4448 p.
499 4374 574 4450 745,
609 4374 666 4448 qui
699 4373 825 4435 trustra
858 4373 972 4434 haeret
1006 4375 1040 4434 in
1069 4374 1257 4452 πολυτίμητε.
1296 4374 1457 4450 ,Nomen,
1490 4373 1537 4434 ait

257 4470 405 4550 drusius,
430 4475 597 4536 excitabat
614 4476 811 4536 memoriam
831 4475 994 4536 clarorum
1013 4477 1187 4537 numinum
1208 4476 1365 4555 Περγαίων
1378 4475 1537 4536 Adonidis

249 4799 267 4861 ¹)
283 4802 354 4851 Kook
371 4803 412 4851 111
429 4817 453 4864 p.
473 4803 521 4852 744
538 4803 680 4863 respondet
696 4817 724 4851 se
741 4801 856 4852 voluisse
873 4817 945 4853 oum
963 4806 1056 4854 bomo
1073 4807 1170 4854 velox
1188 4804 1251 4861 sit,
1267 4808 1295 4853 at
1313 4807 1350 4854 ita
1367 4805 1431 4853 nihil
1450 4807 1537 4854 hercle

128 4872 135 4903 ¹
215 4878 363 4931 mirandum
382 4896 441 4932 eum
459 4882 590 4947 διατρέχιιτ
607 4881 666 4947 πρὸς
681 4882 709 4930 τὸ
728 4883 815 4942 aanor!
