3502 5512
889 337 932 400 82

549 523 650 599 λύπη
673 523 819 600 μανίας
843 521 996 603 ὁμότοιχος
1019 517 1097 584 εἶναι
1119 544 1169 600 μοι
1193 519 1280 581 δοκεῖ

293 628 329 687 et
350 625 553 687 Philemonis
577 625 614 686 ir.
643 625 716 701 106,
742 627 761 686 2
785 642 849 701 sq.:

551 726 614 786 διὰ
636 727 765 804 λύπην
788 725 838 787 καὶ
861 729 982 805 μανία
1005 726 1061 808 γὰρ
1085 726 1343 808 γί<γ>νεται...
1370 755 1374 761 ·

549 827 660 900 αύτούς
681 824 700 888 τ’
727 826 896 912 ἀνῃρήκασι
919 829 985 890 διὰ
1008 830 1138 908 λύπην
1160 824 1239 900 τινὲς
1263 825 1320 888 κτὲ.

250 932 301 993 l'r.
328 933 401 1008 100,
426 934 446 992 4
477 946 609 994 meeum
637 930 672 990 τά
695 952 724 990 ιε
746 947 805 1007 pro
828 930 879 992 καλ
901 933 1048 1014 Bl.‚·sed
1071 933 1105 992 in
1129 947 1177 993 vs.
1202 934 1222 992 6
1246 944 1380 1006 prorsus
1404 929 1571 990 incredibi-

293 1033 368 1094 liter
390 1033 544 1093 coniecit:
568 1031 745 1117 μελιλατλνρτ
770 1030 803 1093 δέ
824 1029 846 1112 γ’
875 1031 1016 1113 ἕκύτερον
1040 1033 1194 1113 βραχίονα.
1218 1033 1319 1092 Recte
1342 1031 1444 1091 Kocll.

250 1134 301 1195 l'r.
328 1134 402 1195 108.
692 1141 765 1193 τῶν
789 1134 962 1215 γόγγρων
985 1133 1112 1196 αύλῶν

293 1234 474 1313 μνημονεύει
499 1231 675 1311 Ἀντιφάνης
701 1231 733 1294 ἓν
753 1229 854 1318 Ἰατρῷ
879 1240 912 1298 et
938 1233 1120 1315 Μένανδρος
1143 1232 1175 1295 ἐν
1200 1233 1326 1314 Καρίνη.
1359 1233 1571 1294 Manifestum

293 1339 345 1397 est
366 1335 476 1396 solum
499 1349 569 1395 voe.
593 1333 712 1414 γίγγρας
735 1351 809 1397 esse
833 1337 951 1399 horum
978 1341 1166 1414 poetarum,
1192 1337 1317 1410 reliqua
1339 1335 1513 1397 Athenaei.

249 1439 300 1498 Fr.
326 1437 400 1512 109,
426 1437 456 1496 2.
480 1435 528 1495 Bi.
552 1430 568 1493 ὁ
592 1433 626 1494 δέ
647 1457 679 1515 γε
702 1441 796 1514 πῆλος
821 1442 973 1518 πάγκαλος
994 1434 999 1520 Ι
1019 1437 1138 1515 ψυκτήρ
1162 1438 1341 1513 eleganter.

250 1540 301 1599 Fr.
334 1539 407 1612 112,
442 1539 471 1597 1.
506 1535 554 1597 Bl.
593 1553 623 1610 p.
655 1539 715 1598 107
756 1536 868 1598 ἀσπίδα
902 1539 1006 1602 fuisse
1040 1541 1074 1599 in
1111 1541 1173 1601 hoc
1208 1555 1306 1600 versu
1341 1537 1443 1599 fuisse
1478 1537 1573 1612 putst

293 1641 436 1714 (propter
469 1637 606 1698 Aristot.
638 1642 723 1713 poet.
749 1642 805 1715 21,
836 1643 874 1700 ut
903 1642 1064 1712 arbitror.)
1095 1655 1280 1716 proponens
1311 1631 1358 1697 εἶτ’
1384 1634 1497 1696 ἀσπίδα
1519 1633 1572 1705 δὸς

294 1739 406 1815 φιάλην
430 1736 540 1817 Ἄρεως
572 1741 607 1800 et
636 1740 703 1800 alia
729 1741 891 1815 quaedam
914 1758 945 1817 p.
974 1744 1045 1819 107,
1077 1757 1136 1817 pro
1159 1757 1223 1816 qua
1244 1741 1395 1815 opinione
1419 1737 1572 1812 quodam-

294 1841 392 1901 modo
425 1839 504 1900 iacit
534 1840 702 1915 glossema
730 1841 763 1900 τὸ
787 1840 893 1917 ὅπλον,
923 1844 1008 1917 quod
1035 1846 1125 1904 recte
1156 1842 1278 1904 delevit
1300 1841 1462 1916 Koppiers
1485 1839 1574 1909 (licet

293 1943 403 2017 potius
426 1939 519 2001 ὅπλον
543 1958 600 2016 per
622 1939 735 2001 ἀσπίδα
758 1960 857 2017 quem
881 1945 1014 2006 inversa
1035 1946 1164 2005 ratione
1187 1943 1386 2019 explicatum
1411 1956 1485 2001 esse
1508 1954 1571 1999 cre·

294 2043 413 2118 (teres),
445 2043 503 2103 sed
526 2043 743 2105 adversantur
766 2046 928 2107 Athenaei
952 2046 1065 2122 verba,
1097 2061 1215 2107 neore
1239 2060 1318 2105 vera
1341 2059 1416 2105 eam
1440 2043 1572 2103 demon·

293 2147 379 2205 strat
413 2144 504 2205 locus
537 2144 730 2206 Aristotelis
763 2147 845 2207 bene
879 2148 1080 2209 intellectus.
1111 2148 1260 2207 Lenitate
1290 2145 1434 2219 reliques
1457 2157 1573 2204 omnes

294 2247 500 2306 coniecturas
519 2246 716 2321 Emperiana
739 2248 843 2310 vincit
865 2242 911 2308 εἶτ’
937 2247 997 2326 ἤδη
1020 2248 1073 2321 δὸς
1095 2265 1153 2323 pro
1175 2243 1221 2308 εντ’
1240 2247 1351 2325 ηδηλος
1375 2250 1409 2306 et
1430 2246 1573 2306 fortasse

294 2348 491 2423 recipienda.

250 2450 302 2510 Fr.
337 2452 411 2526 113,
444 2457 474 2511 4.
510 2449 602 2525 μόνος
633 2448 806 2530 ἀνευρηκὼς
836 2452 869 2523 (1.
893 2450 1091 2531 ἀνηυρηκὼς).
1124 2452 1246 2529 Μόνος,
1275 2453 1313 2512 tlt
1342 2466 1454 2526 saepe,
1494 2450 1525 2509 h.
1551 2449 1572 2509 l.

293 2552 460 2628 signifieat
482 2555 707 2630 praecipue
731 2557 782 2626 (ci.
807 2559 886 2617 nota
910 2556 1031 2617 locutio
1051 2554 1143 2631 μόνος
1163 2553 1212 2614 καὶ
1231 2562 1348 2632 πρῶτος
1366 2554 1438 2613 sive
1457 2560 1573 2630 πρῶτος

293 2651 345 2713 καλ
367 2653 486 2730 μόνος),
508 2670 614 2727 neque
639 2657 740 2731 igitur
762 2658 862 2732 probo
880 2657 998 2718 Naberi
1018 2659 1239 2717 coniecturam
1263 2663 1378 2731 πρῶτος
1400 2649 1574 2729 ἀνευρηκὼς

290 2759 421 2824 (eontra
443 2761 611 2827 numeros)
641 2760 700 2818 aut
729 2759 896 2834 Blaydesii
923 2768 1038 2835 πρῶτος
1062 2757 1206 2837 εὑρηκὼς.
1231 2791 1262 2800 --
1296 2757 1351 2817 Vs.
1376 2758 1395 2816 e
1420 2755 1574 2830 quamvis

292 2871 414 2915 sanum
440 2872 493 2917 me
518 2857 604 2918 haud
626 2859 711 2919 satis
733 2860 926 2934 intellegere
948 2859 1106 2921 confiteor
1127 2875 1186 2935 ope
1209 2860 1272 2920 1οοί
1295 2857 1388 2932 Diog.
1409 2858 1443 2916 L.
1469 2856 1496 2914 V
1519 2856 1572 2928 87,

294 2970 392 3029 quem
425 2957 522 3018 affert
555 2958 662 3032 Koclr3
698 2960 812 3035 ignoro
846 2962 934 3021 enim
969 2976 1033 3036 quo
1067 2976 1168 3022 sensu
1200 2959 1425 3035 accipiendum
1460 2958 1506 3017 sit
1538 2953 1574 3014 τὰ

295 3058 452 3130 κεφάλαια.

250 3160 301 3219 Fr.
330 3161 401 3220 115.
426 3160 505 3219 Mihi
529 3162 661 3234 quidem
685 3163 876 3237 neutiquam
899 3166 1065 3240 persuasit
1088 3164 1215 3225 Koch.-

250 3262 301 3320 Fr.
329 3261 400 3320 117.
425 3257 580 3339 1ιαυγῶνι’
608 3278 665 3338 pro
690 3260 812 3339 ἐφύσων
834 3266 930 3339 (quod
955 3282 1074 3326 sanum
1098 3269 1160 3336 est)
1180 3268 1305 3326 temere
1325 3264 1389 3340 Bl.,
1408 3266 1441 3324 et
1454 3262 1493 3323 ir.
1509 3263 1570 3322 121

301 3359 379 3433 (δὸς
404 3363 456 3424 vel
479 3359 557 3422 καὶ)
586 3362 715 3423 στειλεάν
739 3366 911 3426 inutiliter.

250 3462 302 3521 Fr.
330 3464 403 3523 122.
762 3463 794 3525 τὸ
818 3461 1086 3545 δέτυραννεῐν
1110 3463 1217 3526 ἔστιν

537 3561 610 3642 iit(
625 3586 696 3626 ποτε
720 3565 752 3626 τὸ
775 3567 960 3640 σπουδαῖον;
984 3565 1165 3652 ἀκολουθεῖν
1189 3565 1273 3644 ἔρις

538 3663 571 3724 ἐν
593 3676 633 3749 τῷ
659 3668 778 3753 Λυκείῳ
802 3667 874 3745 μετὰ
897 3677 1058 3745 σοφιστῶν,
1081 3667 1136 3728 κτέ.

292 3767 400 3827 Minus
431 3767 541 3840 inique
572 3768 678 3829 iudico
710 3770 749 3830 de
773 3765 891 3832 Kockii
915 3771 1104 3831 coniectura
1127 3772 1293 3845 παρανοεῖν
1316 3765 1375 3827 ἐστι
1398 3765 1452 3843 δὴ,
1473 3783 1571 3842 quam

294 3868 356 3943 Bl,
398 3868 452 3942 qui
496 3884 576 3929 num
611 3869 700 3929 illius
737 3871 938 3931 sententiam
980 3870 1183 3930 intellexerit
1217 3869 1313 3930 valde
1346 3870 1469 3930 dubito.
1505 3868 1575 3945 Qua

293 3970 480 4044 suspicione
511 3971 673 4045 admisse,
700 3974 810 4031 verte:
843 3972 881 4031 id
908 3987 1006 4032 vero
1030 3973 1125 4047 (quod
1149 3986 1368 4046 aggressurus
1387 3974 1449 4041 est)
1468 3972 1572 4031 insa·

293 4071 363 4131 nia
386 4075 465 4146 est,
490 4075 561 4132 aut
584 4073 682 4146 quid
708 4073 874 4133 tandem
898 4074 1028 4134 serii?
1055 4074 1276 4134 Interesse
1300 4073 1419 4147 cupis
1440 4069 1573 4154 (ἐρᾷςΚ.

293 4189 351 4248 pro
374 4171 444 4247 ἔρις)
468 4174 682 4248 sophistis
706 4178 768 4234 etc.
794 4175 883 4250 Quae
906 4176 1077 4250 aptissime
1100 4175 1187 4234 dicta
1209 4175 1292 4234 mihi
1312 4174 1443 4248 quidem
1463 4173 1572 4234 viden-

291 4277 346 4334 tur
369 4279 402 4334 et
426 4275 596 4334 lenissime
620 4278 776 4335 correcta.
800 4274 921 4336 Dubito
944 4278 1058 4336 tamen
1081 4291 1161 4335 num
1186 4278 1274 4336 reete
1297 4290 1333 4335 se
1357 4275 1476 4335 hebeat
1499 4276 1574 4335 arti·

293 4375 386 4436 culus
408 4379 486 4436 ante
509 4375 686 4436 σπουδαῖον.
710 4377 797 4438 Num
821 4377 904 4437 forte
928 4377 1006 4437 fuit:

683 4475 703 4555 ἢ
726 4486 803 4549 πῶς
826 4498 898 4536 ποτε
921 4477 1129 4549 nannenten?

292 4578 340 4638 Bl.
373 4576 429 4655 ipe
461 4584 528 4652 (pro
559 4576 644 4654 ἔρις),
673 4594 737 4652 quo
768 4594 869 4638 sensu
903 4592 956 4637 me
979 4579 1071 4639 latet.
1098 4613 1137 4622 -
1163 4579 1218 4638 Vs.
1244 4580 1275 4638 4.
1307 4573 1458 4658 λέγονθ’
1485 4578 1574 4638 male

291 4681 356 4739 coit
387 4695 462 4739 cum
494 4696 687 4755 praegresso
718 4688 885 4753 σοφιστῶν,
915 4695 975 4739 nec
999 4696 1114 4740 verum
1146 4695 1221 4740 esse
1244 4680 1510 4754 potestatem
1533 4673 1575 4753 θ’,

291 4782 376 4855 quod
406 4797 425 4840 a
456 4783 581 4841 comico
612 4797 765 4842 sermone
797 4782 951 4842 alienum.
982 4782 1099 4857 Quidni
1123 4797 1200 4841 vero
1228 4778 1361 4857 λέγειν
1383 4775 1436 4840 e'?
1467 4780 1575 4840 Gestit

290 4881 556 4942 adolescentulus
587 4883 655 4957 ille,
688 4899 784 4957 quem
817 4887 911 4959 pater
939 4884 1093 4944 seniorve
1116 4883 1243 4944 amicus
1267 4882 1307 4942 ab
1338 4883 1478 4957 argutiis
1508 4881 1573 4942 dia·
