3502 5512
875 368 936 428 132

289 554 604 630 magnitudine,
637 568 704 613 non
735 553 775 614 de
804 555 1094 630 praestantia,
1126 557 1237 630 itaque
1259 551 1346 618 falsa
1368 558 1421 617 est
1450 554 1564 616 Kockii

289 658 475 718 coniectura
497 654 644 734 κρατίστη.
670 654 756 715 Olim
780 656 907 730 monui,
932 656 989 716 sed
1013 657 1124 730 repeto
1147 659 1279 732 propter
1301 657 1523 732 Blaydesium.

244 760 295 820 Pr.
322 759 397 840 269,
422 759 452 819 2.
478 757 692 819 Coniecturae
715 751 848 816 ποιοῦντ’
875 759 907 817 et
926 751 1045 817 τινοσντ’
1066 773 1124 833 pro
1143 752 1288 818 ποθοῦντ’
1308 759 1365 819 vix
1381 756 1564 838 sufficiunt,

289 862 365 936 qaia
401 862 594 935 expectatur
629 859 895 920 communicandi
930 875 1004 920 cum
1037 859 1124 934 aliis,
1157 861 1267 935 itaque
1301 858 1563 936 publicandi,

288 963 435 1023 carmina
457 963 546 1022 notio
569 962 701 1036 propter
724 960 912 1036 oppositum
936 965 1116 1037 μονοσιτεῖν,
1140 976 1218 1021 nam
1242 957 1258 1021 ά
1278 969 1444 1039 μονοσιτῶν
1463 960 1563 1021 nemi·

288 1080 365 1125 nem
400 1062 579 1138 voluptatis
613 1077 693 1122 suae
723 1061 829 1122 reddit
859 1063 1063 1137 participem.
1095 1063 1271 1138 Propterea
1300 1062 1465 1138 quondam
1495 1076 1563 1137 pro·

288 1166 381 1242 posui
404 1157 643 1243 aporrdtvr'.

244 1269 295 1328 Pr.
320 1267 395 1340 270,
421 1268 452 1326 3.
476 1266 523 1326 De
547 1264 664 1340 poculo
688 1264 807 1324 dicitur

555 1364 700 1443 παλαιόν,
722 1357 795 1426 ὦτα
819 1363 1080 1442 συντεθλασμένον
1104 1364 1231 1442 σφόδρα.

287 1470 383 1532 Haud
418 1473 543 1530 temere
577 1469 611 1527 in
643 1458 703 1527 ὦτα
732 1470 804 1529 sine
835 1468 975 1530 articulo
1005 1456 1114 1529 haesit
1136 1467 1240 1543 Koclr,
1272 1467 1357 1541 quod
1380 1468 1491 1543 inepte
1514 1468 1563 1528 Bl.

288 1572 416 1632 duriore
440 1570 525 1632 crasi
548 1572 669 1645 tuetur,
693 1571 788 1644 quasi
812 1585 889 1631 vero
911 1561 987 1629 τῶτο
1011 1571 1125 1631 durius
1147 1570 1193 1630 sit
1216 1584 1316 1644 quarn
1336 1565 1455 1647 τώβολώ
1474 1570 1563 1629 simi·

288 1673 406 1747 liaque.
431 1671 581 1745 Cogitavi
605 1670 644 1731 de
668 1671 861 1746 corrigendo
885 1666 1024 1748 άτοσν,
1054 1673 1172 1732 ausis
1202 1673 1477 1745 instructum,
1507 1673 1564 1731 aut

296 1770 409 1850 (ἤδη)
439 1768 708 1848 συντεθλασμένον.

246 1875 297 1934 Fr.
322 1875 398 1947 271,
425 1874 454 1934 2.
479 1873 516 1932 αἴ
533 1894 565 1952 γε
583 1873 707 1934 frustra
727 1876 839 1935 tuetur
861 1875 910 1935 Bl.
925 1908 964 1917 -
983 1874 1038 1934 Vs.
1059 1876 1091 1935 4.
1120 1872 1153 1933 τὸ
1176 1877 1284 1953 φαγεῖν
1307 1872 1339 1934 τὸ
1362 1877 1456 1948 πιεῖν,
1478 1872 1564 1947 quod

290 1976 429 2037 coniecit
450 1976 606 2050 Hercirer,
631 1978 788 2036 constans
811 1979 864 2036 est
882 1976 1057 2037 verborum
1077 1976 1169 2056 ordo,
1190 1978 1226 2036 ut
1249 1975 1334 2050 apud
1357 1990 1428 2036 nos.
1451 1973 1565 2035 Nauck

290 2077 362 2137 Mel.
388 2077 430 2135 VI
451 2078 493 2137 99
513 2077 567 2137 cit.
594 2076 651 2137 Od.
677 2095 693 2135 ο
718 2078 800 2150 378;
824 2077 926 2137 Anth.
951 2076 1019 2138 Pal.
1041 2076 1071 2136 X
1091 2077 1144 2150 47;
1165 2075 1295 2136 Diodori
1315 2090 1398 2136 com.
1419 2075 1563 2151 rr.2,12

290 2184 330 2253 (p.
356 2178 451 2252 420);
476 2178 550 2239 alia.
576 2179 656 2238 Post
678 2177 834 2256 τυγχάνειν
858 2178 951 2239 colon
975 2181 1063 2238 recte
1086 2177 1179 2253 ponit
1200 2177 1249 2238 Bl.

246 2279 297 2339 Fr.
324 2280 398 2354 272,
424 2281 454 2339 3.
557 2275 589 2337 ἐν
612 2288 651 2361 τῷ
675 2278 784 2362 σταδίῳ
808 2288 867 2338 τῶν
891 2286 1122 2358 συναγωνιστῶν
1145 2278 1182 2355 μέ
1203 2300 1246 2350 τις

555 2377 651 2439 ἐδόκεε
674 2388 846 2456 στεφανοῦν
869 2377 1047 2458 προσελθὼν
1062 2425 1069 2440 .
1083 2424 1108 2438 ..

555 2480 691 2566 στεφάνῳ
714 2486 840 2565 κυλιστῷ
863 2481 1069 2560 κοκκυμήλων.

290 2580 502 2643 Oasaubonus
526 2583 658 2658 supplet
680 2581 720 2656 ὡς
743 2581 806 2661 ἐμέ,
828 2599 946 2659 parum
971 2582 1190 2658 probabiliter,
1215 2583 1292 2657 quia
1314 2582 1373 2642 tali
1395 2581 1565 2656 participio

289 2683 371 2743 nihil
396 2683 470 2743 addi
494 2683 588 2744 solet.
614 2683 689 2745 Alia
711 2688 853 2760 possunt
874 2686 1070 2761 excogitari,
1092 2684 1183 2745 velut
1199 2682 1354 2767 ιιογκάλιγ,
1372 2683 1453 2743 certi
1471 2681 1564 2742 nihil.

249 2786 300 2844 Fr.
326 2786 401 2859 273,
427 2786 446 2843 3
470 2800 518 2859 sq.
549 2784 598 2845 Bi.
631 2787 663 2842 Β.
687 2783 725 2862 νὴ
758 2786 822 2845 Δία.
856 2789 891 2844 A.
915 2779 1021 2845 τοιοῦτ’
1047 2786 1157 2846 nescio
1181 2800 1222 2845 au
1245 2786 1343 2846 recte.
1367 2784 1458 2844 idem
1482 2782 1566 2843 bene

289 2886 433 2960 praefert
456 2886 622 2946 Eustatbii
644 2886 821 2948 lectionem
844 2885 1014 2964 τρόσιοττον.

244 2988 296 3047 Fr.
322 2989 396 3062 274,
421 2990 451 3047 4.
476 2985 508 3045 τὸ
531 2989 668 3045 τεεῖοτον
692 3003 749 3062 pro
772 2986 804 3047 τὸ
827 2986 933 3069 λοιπὸν
956 2991 1081 3049 temere
1104 2988 1153 3049 Bl.
1181 2987 1317 3062 Propter
1339 2986 1474 3046 lacunas
1496 2985 1564 3046 vul·

289 3090 366 3162 gata
388 3088 485 3148 lectio
508 3091 560 3148 est
582 3087 759 3149 obscurior.
784 3088 850 3149 Nec
872 3089 1010 3150 feliciter
1033 3088 1120 3150 idern
1143 3090 1265 3149 tractat
1288 3102 1338 3150 vs.
1362 3088 1392 3147 7.

245 3189 296 3249 Fr.
322 3190 396 3264 277,
424 3190 452 3250 1.
477 3189 614 3250 inutilia
637 3192 746 3250 tentat
767 3190 816 3251 Bl.
849 3190 902 3250 bic
925 3194 959 3250 et
983 3191 1057 3265 278,
1085 3193 1113 3250 1.
1139 3189 1184 3251 cf.
1205 3188 1305 3248 Kock.
1329 3187 1376 3248 De
1396 3201 1444 3247 vs.
1470 3188 1490 3247 4
1514 3187 1563 3248 Bi.

289 3293 364 3365 apte
388 3291 443 3351 cit.
464 3293 519 3352 Ar.
545 3292 619 3351 Pac.
641 3292 717 3352 669.

245 3393 296 3453 Fr.
322 3394 396 3466 278,
422 3394 453 3453 3.
484 3393 670 3454 Revocetur
698 3393 806 3454 torma
828 3394 931 3454 attica
952 3391 1133 3452 τολοίτοτον
1157 3394 1192 3452 et
1214 3391 1410 3470 γί<γ>νετοιι
1434 3394 1495 3460 (vs.
1522 3392 1562 3460 2).

288 3493 425 3554 'l'emere
454 3493 650 3570 θαυμάζομεν
680 3509 738 3569 pro
769 3492 978 3570 σπουδάζομεν
1009 3496 1044 3554 et
1066 3508 1116 3554 vs.
1141 3494 1160 3551 2
1189 3489 1237 3551 ἐπὶ
1259 3491 1357 3570 γήρως
1380 3487 1423 3550 ὢν
1446 3491 1495 3552 Bl.
1521 3524 1561 3533 -

288 3595 389 3656 vad
420 3609 477 3655 cur
506 3594 601 3656 alteri
633 3609 793 3670 personae
821 3594 1008 3656 tribuamus
1038 3608 1113 3654 cum
1143 3592 1284 3668 Koclrio,
1310 3605 1444 3652 causam
1468 3591 1564 3653 video

287 3697 425 3758 nullam.

244 3798 294 3858 Fr.
320 3798 395 3873 283,
421 3798 451 3857 2.
486 3795 637 3857 Notauda
670 3797 778 3858 forma
809 3797 920 3858 dorica
950 3796 1081 3874 διμάτωρ
1113 3795 1256 3874 Βρόμιος,
1285 3808 1385 3867 quarn
1409 3808 1429 3855 a
1450 3793 1564 3868 lyricis

286 3899 463 3973 tragicisve
495 3899 668 3957 mutuatus
698 3898 829 3958 videtur
860 3897 975 3959 Alexis
1005 3912 1071 3957 una
1098 3910 1173 3957 cum
1198 3895 1331 3955 nomine
1355 3893 1482 3971 Βρόμιος
1506 3910 1565 3969 pro

289 3997 445 4070 Διόνυσος.
470 3997 516 4059 Of.
542 3997 689 4076 Δάματερ.

244 4098 294 4160 Pr.
319 4099 394 4173 290,
421 4097 462 4159 2.
477 4099 564 4159 Sana
587 4099 626 4159 de
652 4114 742 4159 more
766 4100 925 4161 sollicitat
947 4099 995 4159 Bi.

243 4199 294 4258 Pr.
321 4200 395 4259 298.
428 4200 476 4259 Bi.
501 4197 641 4273 ἔντεινοι,
673 4199 744 4260 coll.
769 4201 852 4261 Nub.
878 4201 952 4261 969.
985 4200 1048 4261 Sed
1078 4200 1118 4260 de
1141 4199 1249 4259 forma
1271 4197 1382 4257 activa
1404 4194 1444 4255 ci.
1469 4194 1563 4256 Plato

287 4300 407 4360 Phaed.
434 4300 532 4373 60D;
557 4301 732 4374 Hipparcb.
758 4300 871 4361 2281).

243 4400 293 4460 Pr.
320 4403 381 4460 301
415 4415 535 4461 sanum
559 4416 720 4461 essenon
745 4404 889 4475 praesto,
914 4401 971 4461 sed
995 4415 1059 4460 non
1083 4399 1226 4474 amplius
1250 4398 1331 4458 mihi
1354 4397 1564 4458 satisfaciunt

286 4517 369 4574 quae
393 4502 472 4563 oiim
497 4503 658 4576 proposui.
684 4501 730 4563 Gi.
755 4502 846 4563 Kock
870 4503 918 4562 ΙΙΙ
940 4519 970 4577 p.
993 4496 1066 4564 744.
1092 4499 1148 4560 Va.
1176 4501 1191 4559 1
1217 4507 1303 4558 τοῦτο
1327 4495 1365 4574 δὴ
1388 4512 1446 4572 pro
1464 4504 1564 4557 τοιοῦ-

286 4625 337 4662 τον
361 4603 424 4680 ΒΙ.,
449 4605 506 4664 sed
531 4607 760 4679 expectaretur
783 4603 849 4663 τόδε
869 4601 915 4680 δὴ.

242 4706 293 4765 Er.
320 4706 394 4765 302.
427 4704 473 4765 Oi.
499 4706 609 4766 Nauck
635 4706 706 4766 Mei.
733 4705 775 4764 Vl
800 4707 853 4765 99.
869 4738 906 4748 -
922 4704 977 4764 VS.
1004 4706 1022 4764 2
1051 4703 1170 4782 εἰσορᾶν
1194 4717 1269 4763 cum
1293 4698 1476 4760 Gaisfordio
1500 4698 1563 4760 dol.

286 4806 352 4880 ΒΙ.,
389 4808 443 4880 qui
475 4807 513 4867 ir.
546 4809 609 4867 303
641 4809 748 4866 tentat
778 4806 1021 4867 violentissime
1051 4801 1106 4880 τὴν
1136 4802 1281 4884 γεωργίαν
1308 4803 1407 4882 πολλῷ
1430 4808 1563 4878 προτιμῶ

286 4915 336 4984 τῆς
360 4907 536 4987 στρατηγίας
560 4906 625 4987 ἐγώ.
650 4909 751 4968 Multo
774 4906 978 4983 probabilius
1001 4905 1102 4967 Kocll.
