3502 5512
878 344 942 404 110

249 528 301 588 Fr.
328 526 379 587 12.
404 524 511 586 Schoi.
531 523 612 585 Ven.
632 525 694 585 Av.
710 526 794 587 1047
815 522 995 606 ἐνεχομένων
1014 542 1072 603 pro
1091 523 1281 607 ἒνοιγομίνοιν
1296 529 1384 589 16016
1396 526 1569 588 Headlam.

251 628 302 689 Fr.
329 628 379 702 13,
405 628 435 686 4.
471 623 508 685 or’r
542 623 598 705 γὰρ
627 624 735 686 θανὼν
767 630 822 704 [γε]
855 626 1015 703 δήπουθεν
1044 625 1165 708 ἔγχελυν
1194 627 1318 708 φοίγοις,
1350 625 1407 687 uti.
1437 627 1575 688 Dindorf

296 729 351 791 ola
382 725 433 801 1ο,
462 728 521 788 sed
549 725 606 807 γὰρ
636 728 694 788 vix
724 729 830 803 potuit
860 730 979 789 omitti.
1008 728 1095 790 Num
1123 723 1290 806 δήποθ’
1316 723 1571 809 ἂν1111.γ’1ν

294 825 403 908 οὐδέν’,
432 830 516 905 quod
546 832 661 892 onerat
690 833 906 909 sententiam,
932 836 989 892 aut
1012 853 1044 911 γε
1068 831 1106 908 δή
1128 854 1172 904 τις
1195 866 1236 875 -
1261 832 1353 911 φάγοι
1384 832 1483 892 nimis
1506 833 1571 892 vio·

293 933 409 995 lenter.
441 932 558 992 Melius
589 932 681 992 Kock
711 954 743 1012 γε
774 933 884 1010 δῆθεν,
914 934 943 994 si
967 934 1091 994 ironica
1114 934 1276 1008 particula
1298 937 1350 995 est
1373 934 1471 994 huius
1494 935 1571 1010 loci,

291 1038 348 1097 sed
369 1037 416 1096 ita
435 1033 534 1095 simul
553 1036 742 1094 necessaria
761 1038 812 1096 est
831 1039 988 1112 suspecta
1007 1035 1163 1097 Dindorfli
1184 1037 1380 1098 coniectura.
1401 1037 1570 1112 Suspicor:

516 1133 553 1195 οὗ
576 1134 633 1215 γὰρ
656 1136 763 1196 θανών
786 1157 818 1215 γε
842 1132 917 1213 δῆτ’
944 1134 990 1196 ἂν
1014 1137 1134 1218 ἔγχελυν
1159 1138 1276 1218 φάγοις.

249 1239 300 1299 11.
329 1240 378 1299 16.
412 1237 545 1296 δοκεῖτυν
572 1252 630 1311 pro
662 1237 748 1296 δοκεῖ
765 1236 817 1297 τὸν
844 1239 892 1299 Β1.
917 1240 1078 1300 Neutrum
1101 1241 1186 1302 satis
1209 1240 1361 1316 expedio,
1386 1255 1448 1301 nee
1471 1254 1575 1315 pauca

293 1339 392 1399 verba
415 1341 540 1398 certam
565 1338 832 1400 emendationem
857 1341 1049 1401 admittunt.

249 1443 300 1503 11.
328 1442 378 1517 18,
404 1441 434 1500 5.
459 1436 560 1518 γίουσι
582 1455 641 1515 pro
664 1438 790 1518 φέρουσι
814 1444 940 1503 temere
964 1443 1116 1517 Blaydes.

336 1544 485 1602 Incertae
519 1541 607 1601 sedis
640 1541 838 1616 fragmentis
873 1557 891 1603 e
928 1544 1047 1604 Lexico
1090 1545 1274 1606 Sabbaitioo
1309 1545 1324 1604 I
1358 1546 1399 1606 10
1430 1545 1571 1607 accessit

294 1641 521 1719 αὐτόματος
544 1646 695 1719 θηλυκῶς.
722 1640 913 1722 Φιλέταιρος.-

251 1845 439 1930 Amphidis
463 1848 501 1908 11.
527 1848 557 1922 9,
583 1849 612 1906 5.
638 1845 867 1907 coniecturam
892 1863 1002 1908 meam
1026 1843 1182 1925 τώυόμυια
1206 1849 1426 1924 improbatam
1450 1849 1574 1910 Kockio

293 1949 410 2025 probat
431 1949 480 2008 Β1.
511 1948 592 2008 Uter
623 1948 742 2008 melius
772 1948 969 2010 iudicaverit
999 1950 1081 2010 milri
1106 1951 1202 2011 hodie
1225 1965 1290 2011 non
1314 1951 1431 2026 liquet,
1463 1952 1574 2025 itaque

293 2052 359 2111 iam
384 2049 466 2109 nihil
491 2050 659 2110 mutarim.
690 2090 693 2098 ·

249 2153 299 2212 11.
327 2153 376 2225 10,
403 2152 432 2210 2.
467 2150 578 2210 Nauck
609 2152 781 2224 comparat
807 2145 1008 2228 ὀίβιοδυίμυν
1031 2155 1071 2221 (Γ
1093 2154 1178 2230 182),
1201 2148 1379 2232 ὀλβιότυφος
1404 2153 1495 2215 Bion.
1520 2167 1571 2228 ap.

293 2252 383 2326 Di0g‚
408 2253 442 2311 L.
468 2251 512 2310 IV
536 2253 592 2328 52,
617 2250 830 2326 κοιλιοδαίμων
853 2252 965 2327 Eupol.
991 2253 1028 2312 ir.
1058 2255 1130 2314 172.

248 2356 299 2416 11.
327 2357 376 2429 15,
402 2355 431 2413 2.
463 2349 577 2429 ὡραίου
608 2352 698 2426 φίλου
730 2353 778 2413 Bl.
809 2353 909 2414 Recte
940 2355 1031 2415 Koclr
1061 2356 1268 2416 lenissimam
1298 2353 1441 2415 Jacobsii
1475 2355 1571 2414 ratio·

293 2471 369 2516 nem
392 2458 527 2515 secutus
551 2458 612 2515 est.

248 2557 299 2617 11.
327 2559 377 2617 16.
403 2557 539 2616 Frustra
561 2557 662 2616 variis
686 2558 794 2617 modis
818 2557 918 2619 verbe
941 2572 1023 2618 sana
1045 2557 1202 2619 sollicitat
1225 2558 1273 2618 Β1.

248 2658 309 2717 F'r.·
328 2659 377 2718 18.
403 2653 418 2716 ὁ
441 2661 512 2728 παῖς
536 2657 658 2736 σοβείτω
682 2663 742 2729 τοῖς
764 2657 917 2736 ποτηρίοις
940 2663 1068 2736 συχνοῖς.
1093 2659 1236 2720 Facilius
1260 2659 1340 2719 haec
1363 2657 1571 2733 intellegam,

292 2760 321 2819 si
350 2760 517 2819 sumimus
548 2759 582 2819 in
612 2760 764 2833 sequenti
795 2775 893 2820 versu
917 2760 1020 2820 luisse
1042 2761 1162 2839 κρούων
1185 2757 1330 2838 ἀκράτου,
1359 2760 1430 2821 coll.
1455 2759 1570 2820 Eubul.

292 2861 331 2921 11.
357 2863 409 2936 49,
434 2863 491 2920 aut
515 2859 635 2934 aliquid
661 2861 833 2921 eiusmodi.

247 2963 298 3023 Fr.
332 2964 384 3038 20,
417 2965 446 3023 2.
489 2959 570 3032 ἐκτὸς
612 2966 727 3023 contra
764 2963 967 3023 sententiam
1000 2964 1048 3024 Β1.
1082 2996 1122 3007 —·
1154 2963 1210 3025 Vs.
1246 2962 1363 3024 1011.
1400 2962 1568 3024 Menandri

291 3066 329 3126 ir.
355 3066 429 3145 281,
455 3066 485 3124 3.
513 3063 602 3124 Addo
625 3065 681 3125 Ar.
706 3063 787 3124 Nub.
814 3065 855 3125 36
880 3062 997 3143 στρέφει
1021 3063 1075 3142 τὴν
1099 3060 1185 3143 νύχθ’
1212 3063 1293 3141 ὅλην.

247 3168 298 3227 Fr.
324 3168 376 3242 21,
402 3168 432 3226 2.
464 3166 555 3225 Idem
591 3166 671 3240 ,Pro
698 3163 732 3249 ἐᾷ
761 3167 825 3226 6111
848 3166 989 3227 fortasse
1013 3167 1065 3227 eni
1088 3166 1233 3227 arrideat
1254 3162 1331 3225 dse’.
1354 3166 1455 3240 Spero
1479 3165 1566 3238 eqni·

291 3269 366 3329 dem
391 3269 459 3329 iore
483 3269 662 3329 neminem.

247 3370 298 3432 Fr.
323 3371 375 3429 22.
401 3371 431 3430 2.
456 3368 581 3430 Cratini
604 3369 643 3430 11.
668 3370 732 3429 303
749 3371 838 3430 -citet
860 3369 908 3430 Β1.

246 3471 297 3533 11.
323 3472 374 3546 23,
400 3473 430 3531 3.
466 3470 512 3531 of.
545 3470 660 3532 Koekii
695 3473 783 3532 nota.
815 3472 863 3533 Β1.
901 3471 1081 3545 ,Similiter
1111 3484 1172 3531 nos
1206 3470 1347 3531 dicimus
1376 3486 1396 3531 a
1425 3485 1568 3543 nanny

290 3574 419 3648 goat‘t
444 3572 531 3647 Quae
555 3573 651 3648 plane
674 3574 811 3634 fortuita
829 3576 881 3634 est
900 3573 1096 3649 similitudo,
1117 3573 1371 3648 necquidquam
1392 3585 1568 3632 commune

290 3675 389 3735 habet
422 3689 498 3734 cum
534 3689 650 3748 graeco
686 3675 817 3734 nomine
852 3673 1001 3734 Νάννιον.
1036 3675 1097 3735 Ρ1ο
1133 3673 1221 3756 Λύκᾳ
1252 3675 1364 3735 nesoio
1398 3673 1567 3735 111110111-

289 3777 354 3836 ciat
378 3774 498 3835 Λυκίδι.
523 3768 644 3837 -110,
668 3779 699 3837 4.
724 3777 796 3837 Non
820 3776 908 3837 male
932 3777 1020 3837 idem
1043 3774 1147 3855 παγίσι
1170 3784 1228 3835 τῶν
1252 3772 1337 3835 νέων.

246 3876 297 3938 11.
323 3879 375 3938 26.
408 3874 439 3935 ἐν
470 3880 531 3947 τοῖς
562 3875 683 3955 ἰχθύσιν
714 3877 846 3953 supplet
875 3877 939 3953 Β1.,
964 3877 1048 3951 quod
1072 3892 1313 3952 supervacuum
1337 3877 1423 3938 toret
1446 3876 1568 3936 addita-

287 3981 449 4038 mentum.
476 4011 516 4021 -
541 3977 595 4039 Vs.
629 3980 647 4037 2
679 3982 788 4038 tentat
810 3977 1081 4053 improbabiliter.
1115 3979 1269 4054 Speciosa
1303 3979 1482 4040 admodum
1518 3982 1569 4038 est

291 4080 405 4140 Kockii
430 4079 627 4140 coniectura.

245 4182 300 4242 Vs.
327 4182 378 4241 29.
403 4176 501 4250 ἀτελὲς
525 4176 565 4239 δὲ
589 4180 712 4239 δεῖπνον
737 4195 803 4241 non
827 4181 915 4241 male
940 4182 987 4242 Β1.

245 4285 295 4344 11.
321 4286 374 4344 30.
401 4288 429 4344 1.
462 4282 610 4356 Cogitavi
646 4282 820 4356 aliquando
855 4283 895 4343 de
929 4282 1102 4343 scribendo
1138 4281 1234 4367 μυρίῳ
1255 4281 1260 4361 Ι
1281 4275 1391 4359 ,οίμυι,
1411 4279 1481 4358 avt,
1509 4282 1567 4342 sed

288 4386 368 4445 nihil
392 4384 601 4444 mutandum.
634 4384 682 4443 Bt.
707 4383 763 4443 oft.
794 4380 847 4464 ὅλῃ
870 4383 959 4466 μοίρᾳ
984 4383 1068 4459 apud
1092 4384 1389 4444 Pseudolucianum
1413 4386 1446 4444 in
1470 4386 1568 4444 Amo·

290 4488 379 4546 ribus
415 4488 467 4546 21.
499 4519 534 4526 -
572 4485 628 4546 Vs.
665 4485 696 4544 9.
739 4480 808 4542 ὡσεί
843 4479 875 4542 δὲ
908 4482 1061 4563 προσέχων
1094 4486 1182 4545 idem
1217 4489 1251 4546 et
1283 4486 1316 4545 in
1352 4484 1568 4547 addendis

288 4587 385 4664 draeo
409 4607 452 4661 τε,
477 4601 549 4646 raro
573 4585 636 4644 sibi
664 4587 832 4644 constans.
860 4619 897 4626 —
926 4585 980 4645 Vs.
1009 4587 1048 4644 10
1067 4601 1115 4659 sq.
1141 4586 1300 4648 Headlam
1325 4590 1451 4647 tentat:

527 4684 650 4762 ἔκρουσε
673 4685 853 4743 πουλύπουν
875 4679 928 4743 τιν’
958 4679 1049 4763 <,είτ’
1076 4683 1284 4763 inexplorato>

529 4785 541 4809 ‘
567 4785 579 4809 ‘
603 4780 633 4863 ,ὃ
659 4779 685 4842 δ’
714 4781 882 4862 ἐπρήσθην,
904 4784 953 4844 καὶ
978 4781 1030 4847 τότ’
1058 4786 1095 4845 οὐ
1116 4790 1217 4846 λαλῶν
1240 4785 1294 4846 ὅλα
1317 4785 1371 4847 nti.

287 4893 422 4951 vertens
445 4890 517 4949 but
540 4888 651 4947 what
675 4886 909 4947 iniuriates
933 4904 1006 4964 me,
1038 4889 1123 4963 quod
1147 4889 1278 4962 quidem
1302 4904 1456 4965 graecum
1492 4905 1567 4951 esse
