3502 5512
823 398 885 456 211

196 585 247 645 Fr.
273 586 347 645 547.
390 584 524 644 Rectius
565 584 805 659 Diogenianum
836 587 867 661 4,
900 587 940 646 97
976 585 1097 646 habere
1132 585 1368 665 δυστυχεστέραν
1402 591 1515 648 monet

240 686 361 746 Nauck.
385 687 457 746 Non
480 687 598 748 accedo
622 686 795 760 Blaydesio
818 688 963 747 tentanti
986 682 1201 763 ἀστοχούντων,

196 786 247 846 Fr.
272 787 336 847 548
360 788 505 848 alienum
528 803 602 849 esse
625 804 645 848 a
668 789 835 850 comoedia
859 788 980 850 iudicat
1003 789 1038 848 Ο.
1053 787 1197 849 Orosius.

196 888 247 947 Fr.
273 890 347 948 549.
378 888 412 947 αἱ
439 887 551 967 γνάθοι
584 905 623 965 ,a
650 890 728 963 jolre
758 892 808 952 ior
835 889 870 948 αἱ
896 888 1006 968 yovat‘
1034 890 1207 951 Headlam.
1232 891 1370 951 Multum
1393 891 1515 952 dubito.

242 987 451 1063 Significatur
484 990 774 1067 maxillarum,
812 994 856 1052 ut
890 990 1047 1066 baculi,
1084 1007 1158 1065 ope
1194 1007 1346 1067 corpus
1380 994 1520 1054 senile

241 1093 497 1153 sustentari.

197 1193 248 1252 Fr.
274 1194 349 1254 554.
484 1190 504 1271 ἢ
527 1191 582 1272 χρὴ
605 1193 823 1277 τραγῳδεῖν
846 1192 960 1265 πάντας
984 1191 1003 1272 ἢ
1027 1198 1217 1272 μελαγχολᾶν.

241 1293 311 1354 Νοο
342 1293 539 1368 intellegens
561 1292 674 1365 πάντας
697 1295 745 1355 Bi.
771 1298 829 1356 aut
851 1302 957 1354 τοῦτον
980 1295 1248 1356 substituendum
1274 1299 1369 1370 putat
1393 1300 1451 1356 aut
1470 1298 1520 1357 de·

240 1395 390 1472 lendum,
422 1397 579 1471 rescripto
609 1399 791 1475 μελαγχολᾶν
818 1415 955 1459 <τινα>.
979 1397 1046 1472 ugo
1070 1413 1110 1458 ne
1135 1396 1337 1470 sicquidem
1361 1399 1521 1473 scriptum

240 1498 463 1574 proverbium,
489 1497 575 1572 quod
598 1513 663 1559 sec.
685 1498 924 1572 Diogenianum
944 1498 1112 1560 dicebatur
1130 1495 1178 1557 ἕντι
1197 1506 1255 1557 τῶν
1275 1497 1347 1575 μήτε
1358 1502 1519 1558 λυπεῖσθαι

241 1597 313 1676 μήτε
336 1598 446 1677 χαίρειν
470 1595 663 1676 δυναμένων,
685 1599 851 1674 intellego.
876 1600 963 1660 Num
987 1600 1070 1661 forte
1093 1600 1173 1660 fuit:

395 1697 493 1778 ἢχρὴ
516 1699 731 1785 τρογριδεῖν
755 1699 869 1771 πάντας
893 1699 1054 1777 (concivi)
1078 1698 1097 1779 ἢ
1121 1703 1320 1778 μελαγχολᾶν;
1368 1757 1372 1765 ,

240 1805 279 1861 ut
312 1801 515 1876 significetur
549 1802 720 1863 ridendum
764 1818 837 1863 esse
877 1802 916 1863 de
952 1803 1040 1862 vitae
1075 1803 1241 1863 humanae
1276 1803 1420 1879 casibus,
1457 1804 1521 1864 nisi

241 1902 378 1963 dolendo
408 1904 442 1964 in
472 1904 736 1978 desperationem
760 1905 794 1963 et
816 1904 981 1963 insaniam
1006 1903 1113 1962 delabi
1137 1904 1243 1963 velis?
1267 1937 1307 1947 —
1333 1905 1370 1963 In
1395 1905 1522 1964 univer·

242 2019 317 2065 sum
352 2007 465 2065 autem
495 2004 581 2064 haud
613 2004 696 2064 satis
727 2006 863 2080 apparet
893 2004 1119 2064 huiuscemodi
1150 2003 1317 2079 popularis
1341 2005 1523 2079 sapientiae

242 2106 343 2180 fatua,
368 2106 444 2166 licet
469 2107 586 2167 comici
608 2107 656 2165 uti
679 2106 847 2181 potuerint
873 2109 906 2167 et
928 2120 1045 2166 revera
1067 2106 1199 2180 saepius
1223 2106 1273 2164 usi
1289 2105 1371 2181 sint,
1396 2122 1521 2167 comoe-

242 2206 314 2266 diae
345 2207 487 2282 primam
518 2207 634 2269 debere
662 2208 822 2283 originem
847 2209 1079 2284 potiusquam
1103 2208 1210 2268 veteri
1232 2208 1322 2282 poesi
1345 2208 1520 2283 iambicae,

244 2308 334 2368 velut
369 2309 578 2383 proverbium
615 2313 689 2384 (quo
723 2311 963 2385 Aristophanes
999 2309 1102 2369 utitur
1133 2309 1166 2368 in
1198 2309 1305 2377 Pluto)
1336 2306 1427 2366 ααιαι
1457 2302 1520 2368 τοτ’

243 2399 321 2484 «ἦσαν
344 2406 463 2487 ἄλκιμοι
487 2409 633 2488 Μιλήσιοι
657 2414 691 2472 et
714 2411 798 2486 quod
822 2427 901 2472 mox
925 2411 974 2481 (fr.
999 2412 1075 2478 556)
1100 2410 1219 2484 legitur
1242 2407 1345 2467 πολλοὶ
1364 2408 1521 2488 στρατηγοὶ

245 2510 362 2586 Καρίαν
392 2507 549 2571 ἀπώλεσαν
581 2513 765 2573 Asiaticum
796 2514 906 2587 potius
937 2527 1035 2587 quam
1063 2511 1210 2571 Atticum
1236 2511 1362 2570 fontem
1387 2511 1521 2585 prodere

246 2612 409 2673 videntur.

200 2713 250 2773 Fr.
277 2714 351 2774 558.
382 2714 495 2774 Nauck
526 2714 607 2774 citat
635 2713 842 2774 Boissonadii
869 2714 990 2774 Auecd.
1015 2713 1079 2774 vol.
1104 2714 1118 2772 1
1146 2730 1175 2787 p.
1204 2714 1260 2785 163
1285 2711 1417 2787 Gregor.
1443 2713 1521 2773 Nat.

245 2814 334 2875 Orat.
361 2816 400 2874 13
425 2831 455 2891 p.
482 2814 592 2876 2070.

200 2915 251 2975 Fr.
277 2918 352 2976 565.
477 2915 506 2975 τί
529 2915 578 2975 δεῖ
597 2919 737 2993 παρεῖναι
759 2914 955 2992 λήκυθον,
977 2911 1016 2994 ἣν
1039 2913 1122 2986 ἔτνος
1145 2923 1243 2999 παρῇς

243 3017 374 3078 Veteris
403 3018 592 3105 comoediae
620 3032 693 3079 esse
718 3018 826 3093 arguit
849 3019 956 3079 forma
978 3014 1025 3095 ἦν.
1045 3018 1203 3094 Quamvis
1226 3017 1288 3077 hoc
1311 3017 1520 3092 proverbium

244 3118 339 3193 (apud
371 3119 559 3190 Macarium)
592 3123 702 3181 careat
734 3119 966 3194 explicatione,
999 3120 1181 3195 speciosius
1211 3134 1310 3193 quarn
1335 3119 1462 3194 verius,
1487 3119 1521 3177 ni

243 3220 348 3295 fallor,
373 3219 548 3282 lectionem
571 3220 709 3297 λήκυθον
732 3223 857 3282 tuearis
880 3224 960 3282 uota
983 3221 1152 3282 Strattidis
1176 3236 1291 3280 versus
1316 3220 1478 3294 Euripidei
1503 3236 1521 3280 e

244 3320 434 3380 Phoenissis
457 3322 522 3382 462
546 3321 697 3397 parodiar

510 3418 690 3499 παραινέσαι
713 3417 745 3480 δὲ
769 3432 854 3504 σφῷν
878 3444 905 3480 τι
928 3422 1075 3500 βούλομαι
1099 3421 1208 3498 σοφόν·

511 3519 583 3580 ὅταν
606 3529 708 3599 φακῆν
731 3519 821 3599 ἕψητε
843 3520 884 3598 μὴ
903 3516 1013 3599 ’κιχεῖν
1037 3521 1142 3599 μύρον.

245 3621 450 3682 Felicissime
491 3622 607 3682 Koclrii
649 3622 848 3698 coniectura,
892 3624 943 3683 cui
984 3623 1098 3682 favent
1139 3624 1241 3682 etiam
1283 3625 1427 3698 numeri,
1471 3629 1521 3684 est

245 3718 419 3781 λέκιθον.

201 3823 252 3883 Fr.
277 3824 352 3885 573.
481 3823 513 3885 τὸ
536 3832 640 3902 γνῶμα
662 3831 738 3904 γοῦν
761 3822 953 3904 βέβληκεν
978 3822 1017 3897 ὥς
1041 3815 1107 3884 οὖν’
1134 3822 1254 3896 ἑπτέτις.

245 3925 519 3987 animadvertant
538 3926 663 3987 tirones
679 3926 719 3986 de
741 3927 886 3987 dentib
898 3942 943 3986 us
963 3926 1176 3988 mutandis
1195 3941 1310 4001 graece
1330 3928 1522 3986 constanter

244 4027 395 4101 usurpari
426 4027 563 4088 verbum
593 4027 750 4103 simplex,
781 4030 816 4088 et
840 4029 1009 4088 conferant
1033 4028 1198 4089 adiectiva
1220 4024 1328 4103 ἅβολος
1353 4031 1386 4086 et
1409 4047 1521 4102 τρωτο-

244 4125 333 4205 βόλος
356 4141 431 4188 cum
455 4127 554 4189 verbo
577 4129 785 4205 πρωτοβολεῖν.

200 4227 251 4287 Fr.
276 4230 351 4289 582.
376 4229 497 4289 Servus
521 4229 601 4290 haec
624 4230 731 4290 dicere
756 4230 893 4305 videtur,
919 4231 971 4290 cui
995 4230 1083 4290 erilis
1103 4227 1190 4290 filius
1210 4228 1402 4289 adolescens
1429 4227 1521 4287 liber·

244 4331 348 4389 tatem
372 4331 572 4407 promiserit,
597 4331 626 4390 si
649 4332 720 4392 eius
740 4346 839 4406 opera
860 4330 998 4392 muliere
1019 4334 1143 4406 amata,
1167 4346 1265 4404 quarn
1288 4332 1520 4404 paternorum

245 4429 364 4490 habere
388 4431 502 4507 nollet,
528 4432 611 4493 foret
635 4433 770 4506 potitus.

200 4531 251 4592 Fr.
276 4533 351 4592 584.
383 4540 434 4609 τῆς
465 4548 522 4608 pro
549 4541 601 4592 τοῦ
633 4536 722 4594 recte
753 4533 878 4594 scholia
902 4533 1118 4593 Genoveusia.
1144 4532 1267 4606 Nicole,
1293 4531 1365 4591 coll.
1390 4531 1521 4591 Terent.

243 4632 343 4692 Andr.
376 4634 440 4693 913
469 4648 528 4707 sq,
560 4634 771 4708 probabiliter
802 4650 819 4695 e
850 4634 1017 4694 Menandri
1050 4634 1174 4693 Andria
1205 4633 1266 4692 hoc
1296 4632 1522 4706 fragmentum

244 4736 393 4794 sumtum
417 4750 491 4794 esse
513 4735 712 4809 suspicatur.

200 4833 250 4893 Fr.
275 4835 350 4895 587.
374 4834 453 4895 (loll.
478 4832 616 4910 κοττάβια
641 4835 776 4911 Callipp.
797 4836 841 4895 IV
862 4838 924 4897 561
947 4838 998 4911 M,
1029 4839 1116 4896 recte
1140 4835 1187 4895 Bi.
1212 4843 1271 4893 τῶν
1303 4834 1523 4909 κοτταβίων

245 4931 278 4992 δέ
294 4929 317 5013 γ’
339 4936 403 5006 (vel
422 4934 489 5015 γὰρ)
508 4928 619 5013 ἡμέτερ’
655 4926 691 5012 ἦν
713 4935 748 4994 τα
771 4935 894 4995 αιτίονα
918 4937 969 5007 (cf.
994 4936 1109 5011 Koch),
1135 4936 1321 5011 praemium
1346 4935 1379 4994 iu
1400 4934 1523 4994 cottabi
