3502 5512
876 293 919 353 88

236 483 288 545 Fr.
315 484 388 556 181,
418 485 443 542 1.
474 481 624 553 θυννίδος
647 497 706 557 pro
729 480 886 553 θυννάδος
909 481 1025 542 malim
1050 498 1125 542 cum
1149 483 1213 557 Bl.,
1238 482 1294 556 qui
1317 482 1397 543 illud
1420 482 1559 556 septies,

281 584 342 645 hoc
375 583 453 644 alibi
488 599 652 658 nusquam
688 585 721 644 in
756 583 924 644 comoedia
956 583 1021 659 legi
1056 584 1211 645 observat
1219 602 1227 658 ;
1260 599 1308 645 vs.
1340 586 1359 643 2
1393 587 1560 659 ,λακισιοῑς

281 686 407 761 poetice
441 701 499 760 pro
537 689 666 756 κνιστοῖς
701 685 847 760 (1111111111.
882 685 929 744 ΠΙ
963 687 1031 761 44),
1074 686 1254 765 στεγάσμασι
1292 700 1349 761 pro
1387 688 1560 761 καλύμμασι

281 787 426 861 (Antipb.
452 786 499 847 111
524 788 611 856 27).”
636 787 685 846 Bl.

235 889 287 950 Fr.
315 888 387 963 182,
413 889 442 948 2.
478 888 557 949 Mire
590 886 718 948 fallitur
749 888 797 948 Bl.
827 885 1019 962 ἰσοτράπεζος
1049 889 1104 948 hic
1127 889 1304 962 producere
1327 891 1492 963 sputans.
1521 920 1554 930 -
1585 936 1590 944 .

279 989 402 1069 εὐγενής
426 990 482 1049 vix
506 994 696 1065 corruptum
716 989 856 1064 videtur,
881 1003 939 1063 pro
963 1004 1027 1064 quo
1051 989 1143 1050 Koclr
1167 987 1306 1065 εὐπινής,
1336 989 1385 1049 Bl.
1409 987 1559 1064 εὐπρεπής

280 1095 532 1167 proposuerunt,
556 1105 617 1151 nec
640 1105 689 1150 vs.
713 1091 733 1150 3
754 1090 978 1150 necessarium
1004 1091 1135 1151 videtur
1156 1088 1293 1170 γηγενές,
1315 1089 1381 1162 ζέον
1400 1090 1561 1164 corrigere

281 1210 357 1255 cum
380 1192 506 1253 Nabero
525 1193 583 1252 aut
604 1187 742 1269 γηγενές,
771 1188 844 1261 ζέαν
867 1206 941 1251 cum
966 1191 1156 1265 Blaydasio;
1177 1195 1310 1266 propter
1328 1205 1560 1266 praegressum

280 1293 399 1371 θρέμμα
433 1293 586 1355 librarius
619 1293 730 1368 potius
760 1294 793 1354 in
824 1295 1021 1354 contrariam
1054 1298 1182 1370 partem
1213 1297 1398 1369 peccasset,
1429 1294 1487 1353 sed
1518 1292 1559 1353 cl.

279 1395 402 1474 εὐγενής
419 1397 462 1467 (2)
486 1397 518 1456 el
542 1393 695 1472 κάκκαβον
720 1396 773 1465 (4).
1401 1467 1404 1473 ,

236 1497 287 1558 l'r.
315 1498 387 1573 188,
413 1498 442 1557 2.
478 1496 619 1574 βρώματα
650 1511 707 1571 pro
739 1495 897 1576 πράγματα
920 1498 1068 1572 speciose
1091 1497 1140 1558 Bl.
1164 1496 1210 1558 cf.
1235 1501 1349 1559 tamen
1374 1498 1430 1558 Ar.
1453 1496 1559 1571 Equit.

284 1599 367 1659 1399
398 1596 433 1656 τά
463 1597 567 1657 κύνεια
598 1595 744 1675 μ(ι)ιγνὺς
775 1601 836 1668 τοῖς
864 1593 974 1668 ὀνείοις
1008 1597 1194 1677 πράγμασιν,
1227 1601 1284 1660 ubi
1314 1601 1385 1676 ipse
1414 1601 1447 1660 in
1475 1600 1559 1660 11118·

280 1715 419 1774 mosyne
453 1699 641 1776 φάργμασιν,
671 1698 992 1775 farciminibus,
1029 1702 1194 1775 proposui.
1236 1701 1298 1763 Pro
1334 1699 1438 1777 άρνεῐα
1472 1701 1560 1761 idem

278 1798 492 1876 τοο1οάρνεια
515 1801 685 1875 amendat,
711 1803 744 1861 st
767 1816 816 1861 vs.
844 1803 861 1860 7
886 1802 1009 1875 optime
1033 1801 1156 1863 refutat
1178 1802 1356 1880 Kockium,
1377 1803 1465 1863 idem
1489 1817 1562 1863 esse

278 1901 396 1979 κράμβη
420 1904 455 1963 et
477 1900 613 1978 ῥάφανος
638 1901 722 1971 (coll.
748 1902 855 1977 Apoll.
880 1902 952 1962 uar.
977 1902 1294 1974 1V4491monens.

235 2004 285 2065 ur.
313 2003 385 2077 187,
411 2006 430 2064 5
453 2018 502 2077 sq.
538 2004 628 2063 Inter
663 2005 840 2076 utrumque
875 2004 1028 2079 verbum,
1064 2007 1102 2064 ut
1136 2005 1336 2081 scribuntur,
1371 2020 1475 2081 prava
1511 2007 1564 2065 est

277 2104 453 2179 oppositlo,
483 2120 583 2179 quare
615 2106 713 2165 teneo
744 2109 892 2165 veteram
926 2121 1035 2165 meam
1067 2106 1306 2182 coniecturam,
1338 2110 1562 2182 οο1μα1οοιος

279 2200 318 2264 ul
343 2206 524 2265 δειπνεῖν
550 2221 597 2266 vs.
624 2208 643 2268 8
668 2206 879 2266 scribendum
910 2221 983 2266 esse
1007 2209 1066 2267 aut
1089 2209 1198 2267 totum
1221 2222 1356 2268 versum
1381 2205 1563 2282 Antiphani

279 2305 541 2367 abiudicandum.

236 2409 287 2470 Fr.
316 2409 389 2482 188,
418 2410 446 2469 l.
471 2406 561 2487 ἔγωγε
584 2405 657 2483 πρὶν
679 2416 739 2468 τῶν
762 2404 912 2486 ὑμετέρων
938 2407 1087 2472 <ritum
1114 2414 1233 2488 φαγεῖν,
1256 2425 1322 2470 non
1346 2409 1444 2470 male.
1469 2408 1517 2468 Β1.

236 2510 286 2570 Fr.
315 2510 386 2585 190,
414 2511 443 2571 2.
477 2503 608 2588 ἐλογίζετ’
640 2507 729 2569 ἔνδον
750 2509 932 2587 πραγμάτων
955 2509 1003 2570 Β1.
1028 2512 1072 2571 At
1095 2508 1198 2586 ἔνδον,
1220 2511 1306 2585 quod
1330 2508 1563 2585 proculdubio

280 2625 420 2670 secum
443 2624 518 2670 esse
543 2610 662 2685 voluit,
688 2610 810 2671 Graece
831 2609 930 2671 verbo
951 2610 1121 2689 λογίζεσθαι
1143 2612 1372 2686 similibusque
1391 2626 1456 2672 non
1476 2609 1560 2671 addi

279 2713 342 2771 tur.
367 2711 614 2772 incertissimas
638 2710 782 2784 reliquae
806 2726 933 2784 quoquc
955 2714 1034 2771 sunt
1058 2713 1275 2773 coniecturae.
1299 2747 1337 2755 —
1366 2712 1422 2773 Vs.
1450 2713 1488 2771 11
1513 2726 1562 2786 sq.

279 2812 375 2890 μάτην
395 2811 400 2890 Ι
422 2808 500 2888 ἡμᾶς
531 2813 580 2873 Β1.
609 2846 646 2856 -
672 2812 727 2872 Vs.
763 2815 813 2872 14.
849 2820 1004 2889 νησιωτῶν
1037 2813 1230 2888 imprudens
1265 2828 1396 2875 1118811111
1432 2812 1561 2888 Scribit,

278 2914 402 2975 addens
428 2915 599 2989 analogiae
629 2915 831 2974 contrarium
856 2930 930 2974 esse
953 2914 1127 2990 νησίαρχος,
1154 2931 1211 2991 pro
1233 2931 1298 2990 quo
1321 2914 1469 2992 νήσαργος
1491 2928 1562 2990 pos·

277 3017 410 3090 tuletur,
435 3032 500 3091 qua
522 3017 556 3077 in
580 3032 615 3077 re
639 3016 773 3091 fallitur,
801 3019 837 3076 ut
859 3020 996 3091 apparet
1016 3031 1058 3076 ex
1077 3018 1187 3078 titulis
1205 3017 1320 3093 Deliis,
1341 3017 1406 3077 vid.
1420 3015 1564 3075 Lexicon

279 3133 390 3178 meum
415 3118 521 3193 suppl.
546 3120 580 3178 et
603 3117 680 3178 dial.
704 3133 730 3178 s.
758 3132 786 3178 v.
811 3134 841 3193 p.
867 3119 942 3178 588.
970 3119 1004 3176 Si
1028 3125 1141 3179 autem
1165 3122 1253 3180 recte
1277 3119 1487 3193 Antiphanes
1510 3118 1563 3186 (ei.

279 3219 374 3279 Mein.
399 3219 485 3280 Hist.
509 3217 600 3288 urit.)
623 3220 688 3278 iam
714 3220 895 3280 decessisse
924 3235 952 3278 a.
979 3220 1043 3279 328
1066 3236 1096 3281 a.
1121 3219 1206 3296 Oba,
1231 3224 1265 3281 ct
1288 3220 1562 3294 nesiarcbus,

277 3321 505 3380 insulanorum
536 3321 685 3382 consiliis
715 3321 916 3396 praefectus,
945 3336 965 3380 a
988 3322 1133 3397 Lagi-lis,
1158 3337 1298 3396 quorum
1326 3324 1455 3397 primus
1478 3337 1564 3382 anno

278 3422 413 3483 demum
438 3422 504 3481 888
536 3424 643 3497 coepit
674 3437 826 3498 regnare,
859 3415 992 3483 creatus
1021 3438 1096 3483 esse
1127 3424 1279 3500 creditur,
1305 3426 1564 3484 consentaneum

279 3525 331 3584 ast
360 3525 419 3583 aut
448 3526 669 3587 coniecturam
699 3540 809 3586 meam
835 3539 947 3585 veram
972 3540 1063 3600 esss,
1091 3529 1149 3586 aut
1172 3527 1293 3587 falsam
1317 3525 1409 3586 illam
1432 3528 1564 3587 senten·

279 3626 377 3698 tiam,
410 3625 474 3684 nisi
504 3625 590 3687 forts
621 3627 835 3687 statuendum
862 3630 916 3687 est
938 3627 1163 3701 Antiphonem
1187 3628 1318 3702 longius
1341 3627 1445 3687 vitam
1468 3642 1566 3687 suam

280 3726 492 3802 protraxisse.
515 3761 554 3770 -
580 3729 618 3787 In
650 3728 765 3787 eodem
798 3743 894 3788 vorsu
927 3732 1015 3788 recte
1042 3728 1203 3789 Headlam
1236 3728 1375 3789 coniecit
1405 3723 1476 3799 ἐμάς
1505 3726 1564 3787 ἔδει

280 3842 337 3903 pro
364 3823 436 3893 18τῆ
468 3826 521 3886 δεῖ.
549 3862 588 3871 -
614 3830 669 3890 Vs.
693 3833 743 3890 16.
778 3838 833 3887 νῦν
856 3828 913 3906 γὰρ
945 3830 996 3889 vel
1029 3829 1097 3890 νυνὶ
1126 3826 1158 3890 δὲ
1182 3831 1279 3890 malit
1307 3829 1356 3889 Β1.
1380 3831 1415 3890 81
1446 3829 1565 3908 Μάχων

279 3932 314 3990 81
339 3928 377 3988 17
402 3926 511 3999 καύτὸς
532 3929 583 3990 vel
606 3929 749 4005 καὶπρὸς
770 3938 838 4005 (pro
857 3929 919 4000 καὶ)
943 3931 995 3991 vel
1015 3928 1239 4009 κάριοτογείτονν
1258 3930 1360 4005 idem,
1381 3945 1564 4004 numquam

280 4045 347 4090 una
369 4029 560 4089 conlectura
583 4036 768 4091 contentus.
784 4065 824 4075 -
838 4031 893 4092 Vs.
915 4032 967 4091 21.
992 4030 1083 4091 Idem
1103 4031 1226 4091 dudum
1247 4034 1324 4106 post
1341 4045 1397 4091 ma
1415 4029 1492 4089 εἰσιν
1509 4047 1568 4107 pro

279 4122 364 4208 ἦσαν.
389 4128 549 4190 Videlicet
571 4147 631 4206 ego
662 4137 718 4192 aut
749 4132 812 4191 boc
835 4133 957 4192 conieci
982 4134 1041 4192 aut
1067 4132 1240 4191 delendum
1264 4146 1338 4191 esse
1360 4122 1454 4207 ἦσαν,
1479 4133 1567 4205 quod

279 4233 381 4294 etiam
405 4231 606 4306 probabilius
630 4234 768 4294 videtur.

236 4336 287 4398 Fr.
316 4336 389 4410 191,
417 4346 447 4404 5.
473 4348 532 4422 φο,
554 4353 600 4398 sc.
620 4332 637 4395 ὁ
656 4333 798 4410 ποιητής,
815 4349 873 4408 pro
892 4343 940 4408 oa
962 4335 1136 4395 verissima
1155 4332 1323 4392 Richards.
1339 4364 1378 4374 -
1392 4331 1450 4392 Vs.
1467 4335 1520 4395 18.
1534 4333 1571 4394 td

279 4440 505 4525 διῳκημένα
541 4437 695 4514 πρότερον.
728 4436 886 4509 Proposui
913 4436 992 4495 olim
1021 4431 1262 4517 διῳγιρμένα,
1291 4433 1353 4491 18.
1382 4447 1470 4505 quae
1497 4435 1571 4496 dra-

280 4545 380 4604 matis
399 4543 550 4619 psrsonis
569 4539 712 4601 antebac
731 4535 917 4596 acciderant
934 4540 969 4595 st
987 4535 1227 4611 spectatoribus
1246 4533 1436 4593 necessario
1448 4540 1575 4611 exponi

277 4643 412 4722 debent,
443 4649 480 4705 ut
504 4642 675 4717 Euripides
699 4637 903 4710 tragicorum
927 4637 1126 4712 Antiphanis
1148 4639 1260 4696 aetate
1283 4633 1403 4709 populo
1427 4635 1576 4700 dilectis·

276 4745 385 4808 simus
417 4747 502 4808 satis
535 4743 664 4821 pmlixe
694 4740 802 4799 lacere
831 4738 969 4814 assolet,
1002 4737 1135 4812 qualem
1165 4736 1371 4794 sententiam
1394 4734 1581 4810 imperiose

276 4846 448 4925 mut
477 4848 552 4925 ipss
579 4840 756 4918 sequeutia
785 4835 820 4895 τά
851 4846 909 4897 νῦν
933 4841 1079 4915 παρόντα.
1114 4839 1217 4911 Quam
1251 4835 1486 4897 coniecturam
1509 4854 1582 4914 pro·
