3502 5512
864 323 906 383 32

268 507 544 569 verisimiliorem.
577 508 675 570 Certa
705 510 865 582 quaedam
895 511 947 569 esi
977 509 1010 569 in
1034 526 1068 570 re
1092 510 1207 571 critica
1228 511 1421 586 methodus,
1447 525 1548 585 quam

268 611 369 670 nimis
391 609 563 684 neglegere
586 610 671 670 solet
694 610 744 669 vir
767 612 1089 688 praestantissimus,
1115 613 1265 673 mutandi
1288 614 1402 673 omnia
1420 629 1478 688 per
1496 612 1548 672 ias

269 714 302 771 et
324 711 417 771 nefas
440 711 573 771 libidine
597 711 752 772 continuo
776 711 944 787 abreptus.

224 813 275 872 Fr.
301 814 376 873 397.
397 809 623 890 άνεπίπληκτος.
644 813 778 887 Legitur
797 814 871 873 Eur.
886 815 938 875 Or.
959 816 1038 890 922,
1059 830 1160 889 quare
1181 812 1315 887 Εὔπολις
1328 816 1361 876 in
1376 813 1548 894 Εὐριπίδης

269 915 391 974 mutari
412 915 503 975 iubet
524 915 647 975 Nauck.
671 915 715 975 At
738 915 849 989 quidni
873 915 1006 990 Eupolis
1030 917 1144 977 eodem
1168 917 1326 979 vocabulo
1347 919 1455 993 potuit
1473 919 1550 978 uti?

224 1015 275 1076 Fr.
299 1017 375 1076 407.
411 1014 690 1093 depectionem
728 1016 796 1076 iam
834 1017 899 1091 legi
935 1018 1020 1091 apud
1048 1017 1309 1079 Choeroboscum
1345 1035 1387 1080 ex
1423 1019 1545 1080 Theod.

268 1133 298 1192 p.
324 1118 399 1192 261,
425 1118 466 1177 25
491 1120 604 1178 monet
626 1117 750 1178 Nauck.

223 1219 275 1278 Fr.
300 1218 376 1278 408.
409 1219 482 1293 „Sic
512 1218 684 1297 Χολοζύγης
715 1233 772 1293 pro
802 1218 970 1296 Βουζύγης,
1001 1219 1225 1297 Κολακώνυμος
1256 1237 1314 1297 pro
1350 1220 1547 1297 Κλεώνυμος,

269 1320 558 1396 Ἀνδροκολωνοκλῆς
596 1335 654 1394 pro
689 1319 879 1396 Ἀνδροκλῆς,
909 1320 1228 1397 Κολακοφοροκλείδης
1262 1338 1320 1396 pro
1349 1316 1545 1400 Ἱεροκλείδης

266 1425 327 1483 etc.
345 1420 392 1481 (li.
412 1421 524 1496 Eupol.
542 1422 641 1482 393.”
664 1421 728 1496 Bl,
755 1435 837 1495 quae
861 1421 978 1482 multis
1002 1423 1187 1483 temerariis
1211 1424 1410 1484 coniecturis
1433 1423 1547 1485 utilior

268 1527 318 1586 est
342 1522 521 1583 adnotatio.

222 1627 274 1686 Fr.
298 1627 374 1685 412.
399 1621 523 1699 ἐμετικοὶ
546 1640 604 1699 pro
628 1621 723 1699 ἔμετοι
746 1624 976 1698 grammaticis
999 1624 1200 1684 reddendum
1224 1628 1320 1699 putat
1342 1626 1391 1686 Bl.

221 1728 272 1787 Fr.
297 1728 373 1786 413.
398 1723 553 1802 ἐμνήσατο.
580 1727 661 1801 „Pro
685 1722 838 1802 ἐμνήσθη,
860 1728 898 1785 ut
920 1725 1085 1785 videtur.”
1109 1726 1157 1786 Bl.
1178 1726 1296 1787 Melius
1314 1728 1428 1788 Nauck
1447 1728 1546 1790 afferi

265 1830 359 1889 Pnot.
391 1843 420 1902 p.
451 1828 516 1888 426
546 1828 594 1887 ed.
628 1827 707 1887 Ναί).
732 1826 950 1903 μνώμενος·
981 1828 1228 1903 μνηστεύομενος·
1252 1826 1303 1888 καλ
1327 1827 1543 1906 ἐμνήσατο·

263 1929 489 2007 ἐμνηστεύσατο.
518 1925 657 1999 Εὔπολις.
681 1929 775 1990 Unde
798 1929 917 1990 erroris
941 1930 1147 1990 convincitur
1170 1930 1307 2005 Anglus.

220 2035 273 2094 Nr.
298 2033 372 2092 427.
396 2027 477 2089 λέπει
500 2033 577 2091 anie
600 2030 764 2091 Kockium
789 2030 947 2090 Neineke.
972 2029 1019 2090 (lt.
1043 2030 1156 2091 Nauck
1183 2031 1239 2092 1.l.

220 2136 271 2194 Fr.
296 2133 371 2193 428.
398 2132 498 2192 Recte
521 2130 667 2209 λείβηθρα
692 2131 837 2205 postulat
860 2131 922 2204 Βλ.,
948 2133 985 2190 ui
1008 2128 1207 2209 στέργηθρον,
1228 2130 1403 2211 θέλγητρον.

219 2237 271 2296 Fr.
296 2235 371 2294 438.
397 2233 515 2293 Annon
540 2231 730 2309 Πράξιλλοςί
753 2231 802 2291 Bl.
827 2230 905 2306 Quis
928 2232 1063 2292 credat?

219 2340 270 2399 Fr.
296 2338 371 2397 439.
397 2331 599 2403 σοκ<ισ>τός
622 2335 711 2393 recte
735 2332 906 2391 Headlam.
931 2332 1011 2392 Post
1032 2331 1063 2391 K
1086 2333 1208 2393 excidit
1229 2332 1279 2394 IG.
1304 2335 1421 2396 Nelius
1440 2353 1540 2412 quam

263 2438 312 2499 Bl.
337 2433 544 2505 σα<κω>τός.

307 2538 471 2613 Eupolidis
495 2535 692 2609 fragmentis
716 2537 885 2609 praeterea
906 2537 1116 2594 accesserunt
1133 2536 1214 2595 haec
1232 2537 1332 2598 duoe
1356 2538 1543 2601 Philetaero

262 2641 336 2702 Vat.
361 2638 473 2709 (Oohn.
499 2636 580 2696 Nus.
605 2635 666 2695 Rh.
693 2635 778 2694 1188
800 2650 829 2709 p.
855 2635 949 2704 alil:

306 2757 335 2801 a.
372 2737 415 2799 ὅτι
445 2736 616 2810 πυξίδας
647 2735 698 2806 (ci.
731 2735 819 2795 Suid.
852 2749 879 2794 8.
905 2750 935 2794 v.
968 2731 1067 2803 ὁπλαὶ)
1100 2732 1155 2794 οὐκ
1186 2733 1286 2816 ἔλεγον
1316 2733 1376 2798 ἀλλ’
1413 2739 1542 2816 ίμάντας

245 2844 394 2914 ,(οοοιαο)

482 2937 648 3014 ἱμάντας
672 2934 747 3013 ἥξω
771 2935 888 3012 δεῦρο
911 2933 1124 3006 πυκτικοὺς
1148 2933 1246 3014 ἔχων

258 3040 340 3120 παρὰ
363 3050 402 3123 τῷ
429 3037 577 3099 Εὐπόλιδι
601 3040 635 3098 θλ

301 3143 331 3203 b.
447 3138 508 3199 ἔστι
531 3134 564 3198 δὲ
586 3135 637 3196 καί
660 3133 708 3195 lul
731 3144 790 3195 τῶν
813 3132 987 3213 ἀνθρώπων
1009 3135 1042 3196 τδ
1065 3136 1196 3217 τρώγειν.
1223 3135 1357 3212 Εὔπολις

924 3233 997 3295 κάν
1020 3237 1112 3320 ποίᾳ
1135 3237 1249 3299 πόλει

389 3348 600 3409 τοιοῦτο<ς
624 3334 700 3397 ὢν)
731 3335 770 3396 τδ
793 3333 965 3415 μέγεθος
990 3336 1109 3415 ἰχθὺς
1134 3338 1338 3418 τρώγεται,

256 3449 369 3522 μᾶλλον
392 3439 425 3503 δὲ
448 3440 496 3501 ἐπὶ
520 3449 579 3499 τῶν
602 3437 798 3516 τραγημάτων
822 3446 947 3515 χρῶνται
972 3436 1004 3497 τὸ
1026 3438 1157 3517 τρώγειν.

209 3549 261 3608 Fr.
286 3549 351 3608 456
376 3547 463 3605 inter
485 3544 644 3616 adespota
667 3539 894 3599 collocandum
916 3539 1019 3599 fuisse
1043 3541 1173 3600 monuit
1195 3541 1317 3604 Nauck.
1342 3547 1380 3606 In
1403 3547 1443 3608 ir.
1468 3551 1534 3611 455

254 3664 329 3709 curn
361 3646 488 3706 Nabero
520 3640 729 3703 scribendum
762 3638 1381 3722 esseaolpvpprouoripvpaitidem,
1406 3647 1535 3722 dequo

253 3747 419 3809 tralaticio
442 3744 650 3805 librariorum
676 3754 785 3800 errore
810 3739 942 3814 saepius
966 3740 1018 3813 egi
1041 3744 1074 3799 et
1097 3742 1175 3816 ipse.

212 3946 412 4030 Phrynictri
436 3948 474 4007 fr.
502 3947 530 4004 1.

500 4042 596 4120 ὄνομα
620 4039 653 4101 δέ
675 4064 714 4125 τω
737 4035 813 4100 τοῦτ’
839 4031 877 4116 ἦν
900 4038 1015 4099 ἔσωθεν
1038 4051 1095 4120 γῆν
1118 4066 1148 4103 τε
1171 4043 1211 4120 μὴ

497 4143 569 4205 ἔστω
593 4142 720 4219 φιάλτης
743 4139 952 4218 ἀνδραγαθίας
975 4142 1084 4203 οὕνεκα

497 4244 538 4306 ἔτι
562 4241 684 4313 ἕπιαλάς
706 4240 817 4320 χρηστά
840 4245 867 4299 λ’
892 4238 1065 4320 ἀπωλόμην.

250 4354 357 4414 Verba
391 4351 459 4410 fere
494 4347 668 4421 desperata
701 4342 808 4417 Kock,
841 4342 1026 4418 vituperata
1054 4344 1226 4409 lenissima
1248 4351 1283 4411 L.
1308 4351 1465 4416 Diodorfii
1498 4362 1533 4420 ot

250 4453 402 4516 Meinckii
425 4450 509 4511 coni.
534 4453 594 4518 (ve.
611 4449 639 4514 1)
662 4441 701 4520 ἢν
724 4464 754 4502 τε
777 4446 869 4501 σωθῶ
892 4437 915 4520 γ’
937 4439 975 4518 ἥν
999 4464 1027 4503 τε
1050 4446 1105 4522 μή,
1135 4464 1217 4522 quae
1241 4467 1357 4514 omnes
1377 4458 1532 4520 veritatis

248 4569 404 4617 numeros
429 4551 550 4611 habere
575 4547 715 4618 videtur,
740 4545 810 4618 ipse
833 4542 1071 4606 violentissimo
1095 4551 1128 4609 et
1151 4553 1349 4625 pravissime
1371 4559 1499 4619 tentat:

497 4647 594 4724 ὄνομα
618 4641 644 4704 δ’
672 4641 736 4720 ἐμοὶ
761 4636 851 4717 ταῦτ’,
873 4639 911 4718 ἢν
934 4643 1011 4703 κάτω
1034 4640 1056 4705 τ’
1082 4640 1105 4706 ὦ
1128 4647 1185 4708 κάν
1207 4647 1282 4729 άνω,

496 4747 574 4808 ἐστίν
595 4742 756 4820 Ἐφιάλτης
780 4740 987 4820 ἀνδραγαθίας
1011 4745 1121 4823 εἵνεκα,

495 4846 560 4923 δτιὴ
581 4842 702 4922 ’ττιηλας
720 4838 864 4919 Ἡρακλεῖ
883 4841 1040 4920 διωλόμην.
