3502 5512
890 350 931 408 84

250 531 301 595 i‘r.
328 534 400 608 129,
426 535 456 595 2.
492 533 687 608 Suspectum
723 534 865 595 alterum
900 536 1013 595 utrum
1047 529 1116 609 μέν,
1151 530 1209 592 scd
1244 528 1463 600 immodulata
1497 526 1570 587 Mei·

291 635 379 695 nekii
415 638 465 695 est
500 636 656 695 correctio
691 632 784 710 ὄψον,
823 634 949 711 melior,
981 635 1039 695 sed
1071 636 1158 695 iusto
1190 633 1374 707 violentior,
1407 627 1572 703 Blaydcsii

293 731 423 813 ὀψάριον
456 730 548 795 οὐδὲν
583 731 676 794 ἐσθίει
711 733 881 794 θαλάττιον.
916 734 997 811 Quia
1031 738 1144 795 tamen
1180 731 1341 792 θαλάττιον
1372 727 1476 805 οὐδέν,
1506 743 1571 788 non

292 838 402 898 addito
425 834 520 912 ὄψον,
544 837 730 899 rectissimo
753 838 879 899 dictum
903 840 968 912 est,
1000 835 1168 898 suffecerit
1190 835 1334 895 scribere
1358 848 1433 894 cum
1457 830 1571 893 eodem

294 938 469 999 Meinelrio:

740 1034 810 1099 ὁδ’
837 1037 876 1100 ἐν
900 1045 969 1115 (pro
993 1035 1058 1117 μλν)
1082 1036 1162 1122 ἀγρῷ
1185 1038 1365 1116 τρεφόμενος

558 1138 721 1201 θαλάττιον
745 1137 799 1219 μὲν
823 1133 910 1214 οὗτος
934 1137 1025 1202 οὐδὲν
1049 1139 1158 1216 ἐσθίει,
1180 1138 1236 1200 nrt.

247 1242 303 1309 Vs.
327 1243 358 1302 4.
390 1240 510 1300 θύννου
542 1257 600 1316 pro
630 1242 750 1320 θύννης
780 1245 853 1305 sine
885 1259 986 1305 causa
1008 1243 1126 1304 idonea
1154 1243 1203 1303 Bl.
1230 1275 1270 1285 -
1294 1241 1350 1301 Vs.
1372 1243 1402 1301 6.
1428 1240 1515 1301 idem
1539 1235 1572 1296 rb

293 1336 362 1402 δεῖν’
388 1339 427 1402 ἂν
450 1340 580 1414 indiam
604 1347 662 1404 aut
684 1343 716 1404 τὸ
740 1343 825 1404 δεινὰ
848 1339 877 1404 δ’
903 1341 942 1404 bv
963 1345 1089 1425 φάγοιςς
1109 1346 1203 1406 Prius
1221 1343 1339 1419 placet.
1355 1376 1394 1387 -
1408 1341 1465 1402 Vs.
1487 1342 1517 1401 7.
1538 1337 1573 1397 τὰ

291 1442 432 1505 λειάνοιτα
462 1451 562 1503 ταῦτα.
594 1444 658 1520 Β1.,
698 1449 938 1510 alito-uu).
959 1449 991 1505 Γ.
1014 1450 1125 1517 ττοῖας
1151 1448 1186 1504 h.
1205 1450 1246 1516 λ.;
1275 1459 1334 1520 pro
1357 1446 1462 1516 ττλοῖα,
1487 1441 1572 1515 quod

292 1545 326 1606 in
349 1547 433 1604 λεῖα
452 1545 574 1605 mutari
594 1545 685 1607 iubet
704 1547 883 1623 Headlam;
905 1550 975 1624 ipse
994 1544 1076 1607 τουτὶ
1099 1548 1132 1606 ln
1151 1545 1190 1605 τὸ
1210 1545 1259 1614 τίς
1277 1544 1475 1605 mutandum
1494 1545 1573 1617 puto

291 1661 367 1706 cum
400 1645 537 1720 Koclrio,
561 1646 738 1721 desperans
761 1648 800 1709 de
829 1650 979 1724 reliquis;
1005 1664 1083 1710 nam
1107 1650 1185 1724 apta
1207 1648 1338 1722 quidem
1361 1645 1420 1706 sed
1442 1644 1574 1705 traditis

292 1746 517 1807 dissimillima
535 1750 614 1807 sunt
632 1763 716 1821 quae
735 1752 906 1824 praeterea
925 1752 1104 1826 proposuit.
1119 1784 1145 1794 -
1174 1750 1229 1810 Vs.
1250 1750 1280 1810 8.
1300 1747 1452 1808 Feliciter
1470 1744 1573 1805 Head-

292 1847 375 1922 lam,
406 1847 478 1908 coll.
510 1849 611 1908 Arist.
644 1849 682 1909 ir.
709 1852 773 1911 218
805 1854 839 1911 et
868 1851 981 1927 Eupol.
1006 1854 1085 1928 338,
1117 1849 1209 1930 ἔγνως
1229 1866 1286 1926 pro
1306 1847 1429 1928 ἀγρίως,
1451 1848 1574 1921 quanto

291 1948 491 2023 probabilius
526 1965 625 2023 quam
660 1950 786 2026 μάλιστά
816 1947 839 2032 γ’
879 1953 929 2014 vel
960 1952 1065 2031 ἥδιστά
1095 1947 1118 2032 γ’
1151 1952 1305 2027 Blaydes,
1342 1949 1396 2025 qui
1427 1947 1575 2009 adbibita

290 2049 455 2110 Eustathii
475 2050 615 2112 lectione
638 2054 802 2128 sagaciter
826 2070 873 2115 vs.
897 2057 947 2115 10*
961 2056 1092 2131 supplet
1116 2053 1287 2116 scribendo
1311 2050 1420 2128 κομιδῆ
1443 2046 1499 2128 γὰρ
1518 2047 1573 2108 οὐκ

292 2142 331 2228 ἦν
359 2148 478 2214 <otilo
502 2146 690 2216 λνταῦθ’>
717 2153 936 2232 οὐδαμοῦσιιιῐ
958 2151 1077 2216 ἐνθάδ’.

251 2252 303 2312 Fr.
331 2253 405 2326 132,
439 2253 468 2313 3.
500 2253 594 2330 σακτή
629 2258 818 2332 corruptum
859 2261 954 2332 putat
988 2258 1036 2319 Bl.
1077 2259 1195 2334 Quidni
1229 2271 1306 2317 vero
1341 2254 1439 2329 loligo
1466 2249 1576 2333 farciri

291 2355 423 2429 potuit?
446 2355 501 2414 Vs.
526 2357 545 2414 9
570 2359 694 2418 temere
717 2358 805 2420 idem
828 2357 878 2419 καλ
901 2361 1015 2421 τούτων
1038 2361 1091 2420 vel
1113 2360 1226 2419 τούτων
1249 2354 1303 2434 μὲν
1325 2372 1383 2433 pro
1406 2354 1508 2416 sanie.

247 2456 298 2515 Fr.
328 2457 400 2529 133,
426 2459 456 2517 5.
492 2453 627 2532 inopius
657 2475 714 2535 pro
746 2460 783 2520 οὐ
816 2460 920 2537 ταμίας
950 2461 1022 2521 sinc
1046 2476 1147 2521 causa
1170 2460 1288 2521 idonea
1310 2458 1374 2531 Bl.;
1405 2459 1576 2533 praeterea

292 2556 446 2617 librarius
477 2558 607 2619 facilius
637 2561 669 2621 in
701 2563 900 2623 contrariam
925 2567 1053 2637 partem
1078 2564 1258 2638 peccasset.
1284 2594 1325 2604 —
1350 2560 1406 2620 Vs.
1432 2560 1462 2619 7.
1486 2555 1574 2631 τυρὸς

291 2657 416 2735 χλωρός,
439 2660 459 2719 i.
473 2675 501 2720 e.
522 2656 537 2718 ὁ
561 2659 624 2732 νέος
644 2658 693 2720 καὶ
713 2661 899 2738 πρόσφατος,
918 2665 1098 2739 interprete
1118 2662 1304 2737 Phrynicho
1316 2660 1416 2721 Belrlr.
1430 2677 1460 2736 p.
1475 2661 1528 2734 73,
1542 2661 1572 2720 3.

292 2759 339 2820 Bl.
375 2761 430 2820 cit.
465 2761 561 2821 Alex.
586 2762 732 2838 111462,
761 2765 864 2824 1211.
892 2799 931 2808 —
958 2766 1011 2826 Vs.
1044 2769 1073 2826 9.
1105 2766 1206 2825 Recte
1230 2762 1355 2840 κνηστός
1378 2777 1436 2837 pro
1462 2760 1573 2838 πηκτός

294 2861 504 2920 Halhertsma
528 2876 570 2921 ex
593 2863 744 2924 Eustath.
770 2881 801 2940 p.
826 2867 901 2941 872,
930 2868 979 2927 11.

248 2962 299 3021 Fr.
328 2962 399 3034 134,
428 2964 442 3021 i
476 2961 563 3022 male
594 2957 682 3022 ταῦθ’
713 2981 772 3040 pro
803 2961 886 3025 τοῦθ’
913 2972 969 3037 (sc.
988 2967 1036 3037 iv)
1059 2968 1109 3027 Bl.
1136 3000 1175 3010 -
1200 2966 1256 3027 Vs.
1282 2968 1311 3026 ὃ.
1336 2965 1428 3025 Idem
1451 2978 1572 3024 sanum

291 3063 499 3138 participium
533 3072 677 3138 παροῦσι,
711 3067 731 3126 i.
755 3082 783 3127 e.
816 3069 979 3143 convivis,
1015 3067 1218 3128 confidenter
1251 3067 1284 3126 in
1315 3073 1419 3124 πιοῦσι
1448 3067 1572 3140 mutat,

291 3164 375 3238 quod
403 3163 524 3224 saltem
549 3166 670 3225 τίνουσι
694 3168 790 3242 (quod
814 3172 959 3229 metrum
984 3185 1048 3229 non
1072 3170 1146 3239 fert)
1170 3183 1287 3228 sonare
1311 3167 1461 3228 debehat.

246 3265 298 3325 Fr.
327 3266 399 3333 131.
425 3266 454 3326 2.
486 3264 533 3329 cf.
557 3268 658 3328 etiam
681 3270 737 3329 Ar.
763 3270 818 3344 lio.
844 3272 908 3331 944
933 3285 981 3344 sq.
1008 3304 1047 3313 -
1072 3271 1129 3330 Vs.
1154 3271 1184 3330 3.
1210 3272 1392 3348 μελάγχροες
1416 3271 1573 3343 exspecto

290 3381 365 3427 cum
390 3368 453 3441 Bi,
479 3368 533 3440 qui
557 3368 612 3428 cit.
638 3369 781 3431 Polioch.
806 3372 851 3430 IV
875 3373 940 3433 590
963 3375 1110 3451 μελαγχρῆ
1133 3372 1239 3447 μᾶζαν.

246 3468 297 3530 Fr.
325 3470 398 3542 137,
426 3471 453 3529 1.
478 3469 526 3529 Bl.
558 3466 673 3545 τράπεζ’
706 3468 858 3555 ἀφῃρέθη·
882 3471 953 3549 μετά
975 3480 1068 3532 ταῦτα
1092 3472 1251 3549 δαίμονος,
1271 3473 1385 3546 spreta
1407 3470 1498 3531 omni
1520 3469 1572 3529 lit·

292 3572 439 3631 terarum
464 3571 691 3632 similitudine.

245 3669 297 3728 Fr.
325 3672 397 3731 138.
454 3676 582 3747 κεστρεῖς
606 3669 694 3750 ἔχων,
716 3666 776 3730 ἀλλ’
802 3670 839 3732 αὖ
863 3674 1056 3751 στρατιώτας,
1078 3673 1232 3753 τυγχάνεις
1254 3671 1260 3751 Ι
1279 3672 1405 3748 νήστεις.

288 3771 384 3831 Dicta
414 3772 494 3832 haec
525 3774 677 3834 videntur
700 3775 740 3834 ad
765 3775 882 3835 ducem
907 3777 1139 3850 nescioquem
1164 3773 1314 3854 (ξεναγόν,
1337 3777 1373 3834 ut
1396 3772 1571 3846 suspicor),

287 3873 343 3945 qui
367 3889 424 3949 pro
448 3874 612 3934 militibus
634 3877 716 3936 bene
739 3878 876 3936 nutritis
899 3879 933 3937 et
956 3877 1105 3936 honestis
1128 3875 1299 3936 famelicos
1322 3874 1458 3947 ideoque
1481 3888 1570 3948 rapa·

289 3990 345 4033 ces
384 3974 625 4050 dissolutosque
666 3977 818 4052 ducebat,
864 3978 1142 4051 quemadmodum
1179 3975 1263 4052 apud
1294 3975 1571 4050 Shalrespearium

288 4075 434 4134 Falstaff.
473 4075 601 4135 Cadunt
635 4076 715 4136 talia
750 4079 781 4137 in
818 4078 1051 4137 diadochorum
1089 4082 1249 4151 tempora.
1293 4077 1407 4136 Moneo
1440 4078 1573 4151 propter

288 4177 463 4249 Koclrium,
489 4178 542 4250 qui
569 4192 723 4251 ,prorsus
748 4179 945 4239 obscurum”
971 4181 1067 4239 vocat
1089 4178 1326 4253 fragmentum.

245 4277 296 4336 F'r.
324 4280 396 4352 140,
418 4279 448 4337 3.
474 4278 634 4338 Headlam
659 4278 793 4353 μαλακάς
816 4273 937 4354 σφόδρ’;
962 4282 993 4338 Β.
1013 4277 1116 4350 ἀδεῶς·
1141 4302 1170 4355 γι.
1193 4300 1242 4353 ιιρ.
1267 4274 1299 4338 il
1323 4278 1371 4337 δεῖ
1392 4278 1444 4338 vel
1468 4272 1495 4336 δ’
1522 4276 1570 4344 εἀ,

288 4382 324 4437 ut
355 4382 432 4439 ante
468 4381 548 4439 haec
584 4395 631 4440 ve.
664 4381 798 4455 elapsus
827 4384 886 4456 sit,
918 4383 1012 4441 cuius
1033 4382 1237 4441 sententiam
1263 4381 1421 4440 indicavit
1444 4379 1571 4438 verbis:

292 4481 382 4553 „And
417 4482 490 4540 how
522 4481 562 4540 do
593 4498 656 4554 you
688 4482 749 4543 feel
774 4486 918 4544 towards
944 4488 1045 4562 λαγῷα
1069 4484 1132 4542 and
1156 4482 1302 4558 νίγιας3”
1326 4481 1399 4542 coll.
1423 4481 1573 4541 Platonis

288 4583 326 4640 fr.
365 4583 482 4655 174,8
515 4598 577 4656 εις,
615 4583 764 4643 Alexidis
799 4588 872 4657 163,
898 4589 935 4656 5;
972 4585 1140 4645 Menandri
1173 4585 1249 4656 518,
1285 4584 1334 4657 13,
1363 4585 1417 4655 16;
1450 4583 1571 4642 Athen.

288 4699 316 4756 p.
343 4684 406 4742 357
426 4684 469 4756 3.,
494 4699 577 4756 quae
600 4686 815 4758 sagacissime
839 4688 1029 4761 excogitata
1051 4690 1140 4746 sunt.
1163 4685 1234 4743 Vid.
1260 4685 1368 4758 ipsum
1393 4684 1571 4758 Athenaei,

288 4786 341 4843 ubi
379 4787 439 4845 hoc
474 4787 511 4845 fr.
548 4787 693 4860 affertur,
730 4789 849 4849 locum.
875 4823 913 4830 -
941 4789 997 4848 Vs.
1026 4790 1045 4847 4
1072 4804 1121 4862 sq.
1153 4789 1201 4846 Bl.
1237 4788 1435 4846 continuans
1471 4784 1571 4845 verba

286 4910 315 4961 μ.
337 4881 364 4944 δ’
387 4886 417 4945 εἴ
432 4909 474 4958 τις
490 4886 655 4963 προσφέροι
668 4887 714 4946 σοὶ
735 4890 834 4964 priori
851 4903 1025 4964 personae:
1047 4889 1168 4967 τράγοις
1191 4883 1262 4963 ivi
1281 4886 1287 4962 Ι
1308 4885 1382 4968 ᾠόνς
1401 4889 1433 4945 Β.
1445 4885 1570 4944 munl-
