3502 5512
851 376 891 436 31

132 632 135 637 ,
212 560 263 620 Fr.
288 560 367 636 352,
399 561 426 620 l.
461 560 593 620 Revoca
618 559 762 620 formam
793 561 1013 634 antiquiorem
1046 553 1182 621 atticam
1214 559 1374 637 Σωκράτη,
1401 564 1532 623 etcum

257 660 417 723 Meinelrio
443 660 515 736 lege
539 655 566 720 δ’
594 657 703 739 <ἕγὼ>
727 657 777 720 καὶ
800 665 836 720 Σ.
871 662 937 722 Nec
971 677 1054 722 sans
1087 664 1167 723 sunt
1197 677 1245 722 vs.
1272 663 1291 721 3
1323 662 1424 723 verba
1446 686 1534 722 κατα-

257 767 364 842 φαγεῖν
386 760 460 840 ἔγοι,
481 778 539 837 pro
562 762 681 838 quibus
704 763 753 823 Bl.
778 763 862 824 coni.
887 758 936 822 σῖτ’
963 760 1020 836 ἕξει
1044 768 1167 843 φαγεῖν,
1190 764 1310 824 melius
1333 780 1433 839 quarn
1455 763 1487 824 δέ
1507 762 1531 845 γ’

258 864 321 935 (vei
345 886 371 923 u
395 858 436 935 δ’)
464 861 521 936 ἕξει
549 869 749 943 καταφαγεῖν,
778 881 856 926 nem
888 866 988 927 verbo
1018 865 1202 942 κατεσθίειν,
1232 867 1453 944 devorare,
1477 869 1535 928 vix

256 967 348 1028 locus
378 975 438 1027 est.
470 967 512 1027 Et
542 967 679 1028 verbum
710 967 855 1043 simplex
885 968 985 1029 habet
1014 968 1226 1046 Asclepiades
1257 968 1357 1029 Arist.
1392 970 1533 1046 Metaph.

259 1071 323 1130 603
348 1085 376 1129 a.
400 1071 435 1144 4,
471 1071 527 1143 qui
557 1070 673 1131 scribit
702 1068 802 1129 πόθεν
834 1066 866 1129 δὲ
896 1069 1013 1153 φάγῃ,
1041 1070 1149 1131 τούτου
1179 1067 1380 1147 κατημὲῖηκεν
1412 1073 1535 1147 optime

258 1172 464 1232 coniunctivo
496 1187 576 1232 usus
603 1187 661 1246 pro
684 1173 834 1247 optativo
857 1169 932 1250 ἕγοι,
954 1172 1040 1232 unde
1063 1174 1256 1247 sequoretur
1280 1172 1447 1233 Socratem
1471 1190 1536 1235 non

258 1272 400 1347 amplius
429 1272 532 1333 fuisse
563 1273 597 1332 in
628 1273 724 1333 vivis.
756 1273 840 1334 Hinc
868 1274 1021 1334 omnibus
1044 1274 1126 1336 bono
1150 1275 1320 1350 perpensis
1343 1275 1535 1336 crediderim

258 1375 449 1449 Eupolidem
473 1374 620 1435 dedisse:
646 1369 762 1433 ὁπόθεν
786 1369 818 1432 δὲ
841 1371 904 1433 καὶ
929 1379 1074 1454 φαγεῖν
1097 1373 1177 1458 ἔχῃ,
1199 1375 1307 1435 τούτου
1327 1373 1537 1453 κατημέληκεν,

259 1474 504 1536 dictumst.
530 1477 563 1535 in
588 1475 685 1536 Add.
711 1492 740 1551 p.
766 1476 841 1537 295.

213 1578 265 1638 Fr.
290 1578 366 1638 354.
390 1579 475 1639 Ante
499 1576 547 1637 Bl.
571 1577 694 1638 contuli
717 1578 803 1638 Eccl.
829 1579 893 1640 623
917 1581 950 1640 et
972 1580 1143 1654 praeterea
1173 1578 1247 1639 Pac.
1275 1579 1373 1656 1233,
1398 1596 1537 1642 monens

259 1679 312 1754 agi
346 1680 385 1741 de
419 1678 597 1739 muliorum
631 1678 776 1740 libidine.
813 1678 951 1740 'lomere
981 1670 1071 1756 ηὗρες
1102 1694 1160 1754 pro
1191 1678 1302 1759 εὕροις,
1333 1682 1418 1754 quod
1441 1683 1537 1757 longo

259 1783 421 1857 praestat,
447 1780 496 1840 Bl.

215 1882 266 1942 Fr.
291 1885 366 1943 356.
398 1880 539 1953 πολλάκις
569 1897 626 1958 pro
661 1881 755 1942 πολλοὶ
785 1876 808 1961 γ)
842 1879 875 1941 ἐν
908 1881 1091 1943 incredibili
1125 1881 1261 1944 levitate
1296 1883 1447 1958 Blaydes.
1488 1886 1537 1945 lbi

260 1984 372 2045 Nauck
399 1984 454 2045 cit.
479 1983 610 2058 Gregor.
635 1984 714 2044 Nez.
739 2001 769 2059 p.
795 1985 858 2044 243
884 1983 907 2045 G
930 1975 1056 2061 ἦπαῖῖὰ
1074 1982 1170 2044 πολλὰ
1188 1985 1301 2064 γίνεται
1319 1997 1421 2069 μακρῷ
1441 1986 1537 2071 χρόνῳ

259 2086 376 2163 βροτοῖς
399 2088 433 2146 st
455 2087 569 2146 monet
591 2085 789 2146 lleinelrium
814 2086 876 2146 hoc
902 2086 941 2146 ir.
966 2089 1114 2148 tentasse
1138 2087 1178 2147 ad
1202 2087 1290 2148 Stob.
1314 2088 1383 2150 flor.
1408 2089 1471 2150 vol.
1495 2090 1539 2149 IV

263 2202 291 2260 p.
316 2186 401 2246 XIV.

218 2288 269 2348 Fr.
296 2289 372 2364 357,
399 2291 428 2349 5.
797 2286 879 2347 πάνυ
904 2288 1018 2347 δοκεῖ
1035 2296 1134 2360 κακῶς
1157 2293 1295 2367 φρονεῖν,

393 2390 531 2466 μαίνεταί
552 2411 581 2451 τε
604 2388 655 2449 καὶ
678 2395 876 2469 παραρρεῖ
889 2399 948 2450 τῶν
972 2399 1093 2468 φρενῶν
1116 2401 1162 2473 τῷ
1186 2401 1235 2475 σῷ
1259 2391 1365 2477 λόγῳ.

261 2491 336 2552 lure
367 2491 513 2552 offensus
543 2493 705 2567 singulari
736 2503 775 2576 up
805 2502 847 2575 αφ
878 2496 954 2568 post
982 2490 1077 2572 λέγετε
1100 2493 1134 2553 in
1157 2495 1361 2569 praegressis
1384 2498 1419 2556 et
1440 2498 1540 2558 verbo

259 2597 418 2670 παραρρεῖ,
448 2595 540 2655 Koclr
571 2598 666 2656 acute
690 2611 770 2656 sane
801 2596 940 2657 coniecit
962 2599 1106 2673 παρειρεῖ
1122 2591 1197 2656 eti
1227 2604 1285 2667 σῶς
1304 2595 1405 2676 λόγος,
1428 2614 1536 2672 quem·

261 2695 439 2756 admodum
474 2698 586 2757 tamen
617 2690 727 2774 [sana
764 2697 875 2758 rstio
904 2713 962 2772 pro
994 2693 1009 2756 ό
1040 2692 1134 2773 ὀρθὸς
1175 2694 1261 2775 λόγος
1292 2712 1372 2758 num
1417 2698 1539 2762 Graece

260 2799 348 2859 recte
382 2798 510 2859 dicatur
540 2799 646 2860 adhuc
677 2799 799 2860 dubito.
835 2799 898 2860 Sed
927 2800 990 2859 nisi
1022 2801 1168 2859 vestro
1199 2798 1360 2859 iudicio
1388 2800 1539 2862 similene

261 2901 337 2974 quid
356 2901 443 2960 hunc
462 2915 596 2960 versum
614 2899 736 2976 finivit,
757 2902 975 2961 manifestum
998 2915 1072 2960 esse
1091 2899 1230 2960 arbitror
1248 2903 1324 2975 post
1343 2901 1427 2959 δοκεῖ
1441 2911 1539 2974 κανῶς

260 3005 384 3078 φρονεῖν
415 3001 474 3061 vix
507 3004 596 3062 recte
629 3002 721 3075 sequi
755 3003 976 3077 categoricum
1001 2998 1232 3077 tollerasset,
1258 3002 1369 3075 itaque
1394 3004 1446 3063 cui
1469 3019 1537 3079 per·

260 3104 402 3163 suaserit
425 3103 529 3179 Koclr,
554 3103 630 3163 huic
652 3104 752 3163 simul
773 3102 1003 3177 corrigendum
1022 3118 1096 3163 esse
1120 3101 1247 3161 δοκῶν
1269 3117 1326 3176 pro
1347 3102 1436 3162 δοκεῖ.
1455 3104 1536 3180 Ego,

258 3204 412 3277 quamvis
443 3203 618 3280 plaudente
648 3203 835 3279 Blaydesio,
875 3204 1051 3264 subdubito
1082 3218 1161 3263 num
1182 3203 1221 3263 K.
1250 3204 1359 3266 locum
1385 3221 1538 3282 persana·

261 3305 358 3379 verit,
395 3307 428 3365 et
463 3321 576 3367 vereor
606 3321 646 3366 ne
675 3306 736 3366 snb
766 3305 873 3365 verbis
904 3313 943 3386 τῷ
974 3313 1016 3386 σῷ
1039 3302 1116 3387 λόγῳ
1140 3304 1229 3364 aliud
1254 3306 1330 3378 quid
1355 3306 1537 3369 delitescat.

261 3405 382 3468 Contra
414 3408 589 3482 Blaydesio
623 3408 730 3468 tuenti
761 3405 823 3483 (vs.
848 3406 879 3475 3)
911 3405 1112 3467 tralaticium
1143 3420 1287 3466 errorem
1311 3406 1458 3483 μαθόντες
1481 3425 1539 3484 pro

260 3508 410 3581 παθόντες
441 3525 507 3570 non
536 3509 709 3585 assentior,
739 3524 799 3569 nec
822 3508 930 3582 magis
954 3507 1128 3568 conicienti
1151 3507 1190 3567 fr.
1216 3507 1280 3567 360
1304 3508 1413 3583 πρίνου
1432 3503 1460 3581 ’ξ
1482 3526 1540 3585 pro

260 3610 383 3690 πρῖνης,
413 3612 497 3686 quod
528 3611 745 3686 Theophrasti
775 3609 846 3671 loco
877 3611 1002 3684 optime
1033 3608 1179 3669 defendit
1207 3607 1312 3683 Koclr,
1337 3624 1397 3669 nec
1419 3610 1540 3672 ibidem

261 3707 375 3789 όμόξας
405 3729 462 3788 pro
492 3710 643 3791 γόμφους,
672 3712 790 3787 quibus
813 3726 895 3785 opus
919 3714 970 3771 est
993 3709 1120 3784 lignum
1145 3709 1374 3783 durissimum,
1399 3713 1539 3786 nequid

261 3814 369 3874 dicam
397 3814 436 3874 de
467 3814 663 3873 mutationis
694 3812 860 3872 violentia.
890 3844 929 3854 -
954 3810 1009 3871 Vs.
1036 3812 1065 3870 7.
1095 3809 1174 3869 Post
1196 3808 1313 3881 πάντας
1336 3812 1424 3871 recte
1447 3811 1539 3872 colon

260 3930 318 3991 pro
341 3916 462 3989 puncto
486 3914 563 3987 poni
586 3913 678 3973 iubet
702 3912 800 3972 idern.

217 4016 268 4076 rr.
294 4017 368 4077 364.
394 4014 518 4074 Versus
541 4014 605 4074 fuit

504 4110 617 4193 dysporo
640 4111 789 4191 κεραμέως
813 4112 949 4184 αἴθωνος
973 4110 1235 4188 ἐστεφανωμένου,

260 4217 329 4279 scil.
350 4216 537 4292 Hyperboli.
566 4217 616 4277 An
637 4231 679 4276 ex
696 4215 953 4275 Maricante?
976 4215 1135 4274 Restituit
1154 4213 1244 4275 Oohn
1263 4216 1345 4276 Mus.
1367 4216 1471 4277 Rhen.
1485 4219 1539 4292 43,

261 4335 291 4394 p.
305 4321 369 4380 415
389 4334 407 4379 e
426 4319 612 4379 Philetaero
632 4318 704 4378 Vai.
720 4317 773 4377 ubi
787 4317 908 4392 legitur
920 4313 1035 4396 ἄγαμαί
1044 4332 1076 4374 σε
1087 4314 1138 4374 καὶ
1151 4313 1266 4394 ἄγαμαί
1276 4332 1339 4376 σου*
1352 4316 1384 4377 τὸ
1397 4315 1451 4395 μὲν
1462 4309 1540 4395 ἦθος

261 4417 386 4496 ἔχεικαὶ
406 4419 576 4496 εἰρωνείαν,
595 4417 627 4478 τὸ
647 4416 763 4497 ἄγαμαί
773 4435 836 4478 σου.
857 4415 992 4489 Εὔπολις
1012 4414 1125 4496 ἄγαμαι
1147 4415 1321 4493 κεράμου
1344 4423 1539 4489 (correctum

261 4519 410 4596 κεραμέως
438 4536 456 4580 e
482 4521 539 4581 BA
569 4522 643 4596 335,
670 4522 700 4590 2)
731 4519 795 4578 oid.
820 4517 875 4580 ἐστ.
904 4519 951 4581 ci.
977 4520 1055 4580 Hes.
1080 4518 1285 4595 κεραμεύς·
1309 4515 1324 4579 ὁ
1348 4521 1539 4602 ῖυχνουργός.

261 4617 402 4697 Blaydes
414 4622 468 4683 cit·
482 4623 604 4696 Phryn.
624 4624 674 4682 10.
688 4622 742 4682 Ar.
758 4621 837 4681 Ach.
851 4622 927 4681 489.
942 4621 1003 4682 Av.
1021 4621 1116 4679 1744.
1132 4652 1170 4662 -
1186 4618 1246 4694 Qui
1264 4622 1304 4681 sd
1324 4622 1363 4682 fr.
1377 4624 1442 4685 366
1456 4625 1540 4698 apud

261 4724 469 4784 Athenaeum
502 4726 627 4784 temere
657 4719 953 4800 κατασεσιγασμένων
985 4728 1040 4792 (sc.
1072 4718 1184 4797 νόμον)
1209 4720 1339 4796 refingit
1362 4723 1395 4783 in
1418 4742 1540 4783 κατασε-

260 4821 436 4902 σιγασμένα,
461 4839 525 4884 non
550 4826 708 4898 reputans
732 4825 933 4884 contrarium
958 4838 1103 4883 errorem
1124 4825 1256 4898 propter
1279 4827 1394 4884 notum
1414 4841 1540 4886 morsm

259 4924 468 4986 librariorum
491 4924 746 4984 terminationes
769 4924 979 5000 adproximet
999 4924 1322 4986 accommodantium
1343 4927 1449 4987 multo
1468 4942 1541 4987 esse
