3502 5512
865 372 885 429 5

253 556 411 616 sollicitat
448 557 496 617 Bl.
532 572 715 632 proponens
746 572 864 632 parurn
899 557 1025 631 poetice
1056 555 1238 632 σκεπάζομαι
1269 555 1322 616 vel
1353 554 1536 634 σιεγδζομαι.

253 655 371 716 Verbis
393 658 530 730 poeticis
557 658 651 719 valde
673 659 796 733 gaudet
818 658 981 719 Cratinus.
1007 657 1089 718 Vide
1114 674 1144 718 v.
1168 674 1195 719 ο.
1221 673 1269 718 vs.
1295 657 1313 717 7
1338 656 1415 736 κάρα
1437 655 1534 717 ποκά-

255 760 616 834 ζομαιτσιεφοινοῦμοιι
650 757 705 835 τὴν
736 759 880 836 κεφαλήν.
906 794 946 804 -
976 759 1032 819 Vs.
1058 760 1077 818 8
1108 774 1166 834 pro
1197 757 1247 818 καί
1271 759 1358 819 idem
1382 755 1463 834 κᾶτι,
1484 755 1535 818 καί

254 857 345 931 πρός,
362 852 444 941 κᾷτα.
469 859 586 934 Quidni
609 861 728 936 plura?

210 961 261 1021 Fr.
290 962 363 1022 100.
387 961 435 1022 Bl.
470 962 595 1034 λευκοὺς
630 960 690 1022 ὑπὸ
720 959 811 1021 ποσίν
840 962 946 1033 πίλους
977 960 1060 1040 ἔχων.
1093 963 1155 1022 Sed
1179 977 1242 1036 quo
1269 963 1401 1021 metro?
1423 961 1536 1022 Possis

254 1064 355 1124 verba
378 1064 501 1125 tradita
523 1080 671 1140 servare,
697 1065 847 1125 versibus
870 1065 918 1124 sio
941 1064 1058 1124 divisis

835 1164 963 1236 λευκοὺς
986 1163 1046 1225 ὑπὸ
1069 1161 1160 1224 ποσίν

547 1266 622 1346 ἔχων
641 1268 748 1338 πίλους

254 1367 326 1428 sine
356 1368 424 1428 ulla
454 1370 639 1430 mutatione
670 1373 727 1430 aut
757 1371 1025 1445 transpositione.
1053 1369 1138 1430 Nam
1168 1366 1278 1429 ποσσίν
1310 1368 1461 1429 Meinekii
1485 1370 1537 1430 est

256 1470 444 1531 coniectura
466 1470 564 1531 dubia
587 1471 775 1532 admodum.

212 1573 263 1633 Fr.
291 1573 363 1632 102.
389 1572 649 1647 Diligentissima
674 1574 709 1635 0.
731 1573 866 1634 Crusius
888 1574 928 1634 de
951 1574 1014 1634 boo
1036 1574 1207 1649 proverbio
1232 1575 1299 1649 egit
1318 1575 1351 1634 in
1371 1588 1535 1648 program-

255 1676 346 1733 mate
369 1674 500 1748 Lipsiae
523 1690 552 1735 a.
580 1676 679 1751 1886,
704 1693 734 1752 p.
763 1678 813 1736 17.
838 1675 901 1736 eft.
926 1676 1097 1751 Hermippi
1120 1675 1158 1735 11.
1186 1676 1237 1736 70.

212 1775 262 1835 Fr.
290 1776 363 1836 105.
388 1775 435 1835 Bl.
459 1776 579 1851 ubique
602 1769 709 1849 οίσθας
732 1793 775 1838 ex
798 1770 883 1849 οίδας
906 1780 940 1839 ο1
963 1771 1055 1836 οἶσθα
1078 1781 1268 1853 corruptum
1293 1779 1401 1853 putat,
1425 1774 1535 1836 sedin

257 1880 367 1937 vetere
391 1878 560 1939 comoedia
582 1878 689 1940 forma
711 1871 797 1950 οίδας
820 1879 915 1939 valde
939 1879 1021 1938 mibi
1044 1882 1199 1954 suspecta
1222 1881 1284 1939 est.

210 1979 262 2039 llr.
290 1979 363 2052 108,
389 1979 418 2038 3.
444 1973 528 2059 ἐπῷξ
555 1977 635 2051 ὅπως
658 1981 836 2055 probabilis
860 1984 912 2042 est
935 1981 1102 2055 Blaydesii
1127 1981 1326 2041 coniectura.

211 2080 262 2140 llr.
290 2081 362 2141 116.
387 2080 549 2141 Headlam
575 2086 682 2144 lentat
706 2085 825 2144 ceteris
850 2084 974 2144 criticis
997 2083 1144 2144 felicius:

435 2183 484 2241 δεῖ
498 2176 700 2254 ’πιθίντα(ςῗ)
724 2189 917 2260 συμποτικοῖς
943 2183 1045 2260 νόμοις
1068 2194 1107 2266 τῷ
1131 2183 1264 2267 κοττάβῳ

434 2279 575 2362 ὀξύβαφα
598 2280 657 2344 κέν’
682 2278 744 2344 είτα
767 2286 871 2363 βαλεῖν
893 2283 1112 2349 luminam>
1139 2295 1179 2368 τῷ
1202 2294 1295 2367 ποτῷ·

438 2395 533 2466 (τῷ)
564 2382 596 2444 δὲ
619 2387 793 2446 ποντίσαντι
815 2385 896 2464 νέμω
918 2391 1039 2447 πλείστα
1071 2380 1194 2447 (τᾶθλα
1216 2394 1295 2463 τῆς)
1328 2385 1426 2462 τύχης.

213 2485 264 2546 llr.
292 2487 364 2546 123.
388 2485 470 2546 (lum
494 2487 620 2549 Nubere
643 2487 896 2549 νο1οοάποιιλῶ
918 2485 976 2548 ari.
999 2489 1094 2550 alteri
1118 2503 1276 2564 personae
1297 2484 1481 2547 tribuenda.

213 2587 263 2647 Fr.
292 2588 364 2646 124.
396 2587 433 2648 R.
458 2588 539 2649 illlis
569 2587 733 2667 γέγραπταί
761 2606 818 2665 pro
849 2587 987 2669 γέγραφε.
1017 2590 1229 2665 Rutherford,
1259 2590 1367 2650 citans
1390 2585 1539 2659 Hilbergi

256 2688 375 2748 librum
400 2688 465 2748 Das
490 2690 619 2766 Princip
643 2692 700 2752 der
723 2692 955 2768 silbewagung
977 2709 1007 2767 p.
1033 2693 1074 2752 52

1061 2792 1178 2871 χρυσίδι

458 2891 611 2969 σπένδων,
634 2891 825 2974 dasypodes),
848 2900 910 2968 τοῖς
934 2893 1020 2970 ὄφεσι
1044 2899 1124 2954 πιεῖν
1148 2892 1276 2953 δίδου.

258 2993 480 3069 „Apparently
510 2995 568 3055 the
597 2997 779 3072 Registrar,
812 2998 939 3072 tearing
967 2998 1042 3058 that
1071 2997 1123 3057 bis
1152 2994 1344 3069 occupation
1379 2993 1408 3051 is
1438 2989 1539 3063 likely

255 3098 288 3153 to
311 3095 377 3169 die,
398 3096 459 3155 has
482 3112 565 3170 gono
590 3103 623 3159 to
648 3100 704 3158 lbe
727 3099 852 3173 temple
876 3098 911 3158 oi
930 3097 1106 3172 Asklepios
1128 3101 1163 3157 to
1193 3111 1273 3171 pray
1296 3094 1346 3154 for
1369 3092 1414 3152 its
1436 3094 1537 3152 resto·

255 3197 363 3256 ration
393 3199 427 3257 to
459 3197 604 3258 health”.
640 3200 718 3260 Mihi
754 3201 815 3260 hoc
849 3203 981 3259 tantum
1016 3198 1121 3273 liquet
1154 3198 1326 3257 trimetros
1356 3208 1444 3268 esse,
1473 3206 1537 3252 non

257 3300 480 3359 tetrametros

213 3399 264 3458 Fr.
288 3399 360 3458 128.
385 3398 421 3460 0.
446 3398 581 3460 Crusius
607 3402 685 3477 ,sed
709 3403 872 3463 zenobius
897 3402 936 3462 71
963 3418 993 3477 p.
1019 3402 1061 3461 26
1086 3400 1185 3461 habet
1209 3397 1255 3459 ini
1279 3407 1338 3458 τῶν
1361 3391 1406 3457 οὐ
1429 3394 1539 3478 ῥᾳδίως

257 3498 365 3573 δώροις
400 3496 612 3577 ἁλισκομένων.
647 3503 740 3563 Dona
769 3504 901 3578 quidem
934 3503 1053 3577 accipit
1084 3502 1222 3562 callidus
1246 3502 1359 3577 homo,
1392 3498 1539 3559 sednon

257 3601 337 3661 iacit
371 3603 455 3676 quod
490 3605 657 3678 promisit,
690 3609 727 3665 ut
760 3605 875 3680 vulpes
906 3620 983 3665 esea
1012 3604 1145 3678 quidem
1176 3603 1312 3678 potitur,
1336 3601 1392 3660 sed
1417 3600 1478 3673 ita,
1503 3600 1540 3658 ut

259 3705 329 3777 ipse
363 3719 427 3764 non
462 3706 620 3779 capiatur.
658 3705 705 3766 01.
736 3707 831 3766 Babr.
863 3706 938 3766 Vat.
970 3707 1024 3766 9.”
1055 3704 1169 3778 Recte,
1203 3704 1260 3763 sed
1285 3703 1406 3763 iniuria
1427 3703 1539 3760 tuetur
1579 3751 1584 3762 .

259 3804 403 3865 formam
426 3807 572 3866 mediam
597 3808 816 3881 δωροδοκιῖται.

215 3906 266 3967 llr.
302 3908 374 3966 129.
408 3908 647 3984 παραλεξοίμενος
669 3935 710 3959 =
731 3908 948 3989 συγγενόμενος
991 3925 1066 3969 cum
1110 3906 1270 3968 Meinekio
1312 3906 1383 3965 iure
1428 3908 1541 3965 tuetur

259 4008 307 4067 Bi.
344 4008 439 4067 Locis
475 4010 605 4071 collatis
636 4027 656 4072 a
686 4011 811 4073 Koekio
842 4011 925 4071 addo
956 4011 1012 4084 leq.
1038 4012 1102 4070 806
1126 4007 1175 4068 καὶ
1199 4007 1355 4090 στεμφύλῳ
1386 4006 1427 4077 εὶς
1450 4004 1540 4084 λόγον

258 4107 342 4189 ἕ1θῃ.
365 4108 410 4168 De
435 4111 497 4170 boo
518 4110 706 4186 fragmento
730 4113 863 4174 omnino
888 4112 961 4172 vide
985 4128 1068 4186 quae
1099 4114 1173 4186 post
1204 4108 1371 4184 egregiam
1399 4107 1541 4167 Xaibelii

259 4209 530 4286 explicationem,
564 4213 665 4274 alludi
695 4215 736 4274 ad
767 4214 922 4274 fabellam
955 4215 994 4273 de
1019 4212 1164 4286 Mentha,
1190 4211 1339 4270 Plutonis
1361 4208 1484 4282 paelice
1506 4209 1540 4268 in

261 4310 405 4371 Hermae
430 4314 491 4373 vol.
515 4314 610 4374 XXX
634 4332 663 4390 p.
685 4317 765 4387 439,
790 4316 978 4390 nuperrime
998 4316 1118 4375 ibidem
1139 4315 1172 4372 in
1195 4313 1257 4371 vol.
1271 4310 1414 4370 XXXIX
1433 4310 1540 4384 dispu-

261 4413 344 4471 tavit
377 4412 427 4473 W.
452 4413 578 4490 Radke,
611 4417 735 4477 addens
765 4417 866 4477 simul
897 4417 998 4476 alludi
1030 4416 1071 4475 ad
1095 4415 1273 4490 Tyronem,
1301 4411 1445 4487 Neptuni
1468 4425 1540 4470 oon·

263 4513 417 4574 cubinam
441 4532 492 4591 ap.
518 4517 615 4578 Hom.
641 4521 656 4576 l
681 4519 744 4578 235
769 4534 835 4592 sq..
862 4518 917 4592 qui
941 4518 1011 4591 ipse
1037 4519 1151 4577 utatur
1175 4514 1273 4574 verbo
1297 4508 1484 4589 παρελέξατο.

219 4614 269 4675 Fr.
297 4615 370 4689 142,
403 4617 475 4677 coll.
505 4619 560 4677 Ar.
587 4618 683 4693 Vesp.
711 4620 784 4694 710,
811 4635 870 4693 ego
894 4619 975 4678 olim
999 4635 1018 4678 a
1041 4617 1156 4677 Kookii
1181 4617 1263 4676 ooni.
1296 4612 1439 4689 defendi,
1471 4626 1540 4687 pro·

263 4715 361 4777 bante
378 4717 442 4792 Bl.,
463 4720 518 4792 qui
544 4720 642 4779 malit
665 4719 820 4793 ποριάτου.

217 4818 269 4879 Fr.
297 4820 370 4894 144,
395 4822 425 4878 4.
450 4818 504 4902 δίῳ
529 4836 594 4881 non
614 4821 753 4881 Nauokii
776 4822 835 4891 (sic
853 4821 914 4891 Bl.)
938 4821 996 4881 sed
1020 4818 1171 4880 Meinelrii
1191 4821 1243 4879 est
1262 4819 1449 4878 coniectura
1472 4830 1539 4890 pro·

265 4918 342 4979 bata
364 4919 508 4982 Nauokio
532 4921 604 4982 Mel.
629 4922 673 4981 VI
697 4924 749 4982 63.
