3502 5512
817 382 880 442 163

215 565 289 630 ντί.
315 604 355 615 -
380 570 435 631 Vs.
460 571 492 630 4.
524 569 633 647 ζῶντα,
662 569 691 628 si
721 583 857 645 sanum,
889 567 1054 644 significat
1085 565 1141 640 ἕως
1171 564 1209 627 άν
1232 569 1267 652 ζη·
1289 590 1340 640 τις.
1364 567 1414 631 Bl.
1437 582 1509 628 con·

235 673 310 733 iecit
334 671 427 731 εἰπεῖν
449 665 527 729 ταῦτ’
558 663 701 749 (ἔγωγ’)
729 669 766 730 οὐ
796 668 945 747 πείσομαι.
982 671 1016 730 Si
1047 671 1123 744 quid
1158 670 1370 745 mutandum,
1395 669 1511 729 malim

234 774 309 852 δῆτα
332 790 390 849 pro
413 775 521 848 ζῶντα,
544 773 599 833 sed
623 772 733 848 potius
757 771 909 834 abstineo
932 787 1082 833 manum.

189 877 240 936 Fr.
263 877 337 950 360,
361 878 389 936 1.
417 875 575 950 Proposui
606 873 732 952 χρηστὸν
764 873 862 951 νόμιζε
893 875 957 946 (vel
985 872 1105 951 νόμιζω)
1133 881 1223 950 νοῦν,
1254 871 1513 948 improbabiliter

234 994 321 1039 nuno
348 980 480 1053 propter
508 976 700 1037 violentiam
724 975 773 1037 Bl.
797 974 921 1053 χρηστὸς
945 974 1053 1053 τρόπος
1075 976 1132 1054 γάρ
1156 969 1209 1034 ἐστ’
1237 974 1289 1035 vel
1313 967 1332 1049 ἡ
1356 972 1516 1051 χρηστότης

235 1079 290 1159 γάρ
315 1073 379 1137 ἐστ’.
404 1080 439 1137 In
465 1078 580 1138 Kockii
605 1078 794 1153 coniectura
817 1077 899 1138 mini
924 1077 1076 1153 displicet
1100 1075 1265 1154 νομίμος
1288 1081 1371 1145 νοῦς.

191 1183 242 1243 Fr.
267 1182 342 1242 362.
379 1180 557 1240 Headiam:
594 1169 633 1255 ἦν
664 1179 758 1256 δῆλον
788 1176 825 1238 οὔ
855 1202 882 1238 τι
915 1178 1048 1256 νυμφίος
1080 1178 1115 1238 τί
1139 1175 1274 1252 ἀλφοίνει.
1299 1176 1378 1236 Mire
1402 1177 1514 1235 tamen

237 1285 360 1344 dictum
381 1297 438 1357 pro
458 1280 494 1342 οὐ
515 1281 608 1358 δῆλον
631 1281 714 1351 (sive
739 1278 842 1359 δῆλος)
865 1271 905 1358 ἦν
929 1276 945 1340 ὁ
970 1280 1100 1356 νυμφίος
1120 1279 1149 1339 τί
1167 1278 1303 1355 άλφάνετ.
1327 1278 1413 1337 Num
1433 1277 1516 1338 forte

236 1377 275 1463 ἧν
306 1385 398 1461 δῆλον
430 1374 546 1443 οὖνὸ
581 1381 712 1458 νυμφίος
743 1383 780 1441 τί
808 1381 959 1456 ἀλφάνειί
996 1383 1127 1443 Habent
1157 1383 1244 1443 enim
1277 1380 1396 1441 Suidae
1426 1379 1515 1439 codd.
1612 1418 1614 1422 ι

236 1483 311 1546 ΒΕ·
337 1482 403 1545 olor
428 1501 485 1559 pro
509 1481 545 1544 οὔ
569 1507 602 1542 τι.
626 1484 725 1544 Plura
747 1486 786 1545 de
811 1500 901 1545 more
924 1485 972 1546 Bl.
997 1501 1069 1560 pag.
1085 1486 1163 1560 211,
1188 1498 1325 1558 quorum
1347 1481 1427 1540 nihil
1452 1481 1514 1540 suf-

238 1587 319 1663 ficit,
344 1587 401 1647 sed
426 1590 513 1647 recte
538 1587 620 1647 vidit
642 1586 821 1648 desiderari
844 1586 1032 1647 articulum.

193 1691 244 1749 Fr.
270 1689 344 1757 363,
369 1691 399 1747 6.
424 1687 502 1747 Post
525 1684 688 1765 ἄνθρωπος
712 1689 853 1764 ponatur
878 1688 1006 1762 virgula
1030 1703 1105 1748 oum
1129 1687 1314 1757 Blaydesio.

193 1793 245 1852 Fr.
270 1793 344 1851 364.
373 1791 400 1850 1.
436 1789 571 1864 Supplet
605 1788 752 1850 1161116116
780 1785 929 1852 (οὐδὲν)
966 1786 1116 1866 διαφέρει,
1148 1789 1196 1849 Bl.
1229 1786 1265 1847 οὐ
1295 1786 1360 1866 γάρ.
1395 1787 1516 1848 Eodem

239 1894 309 1952 iuro
337 1891 444 1966 possis
467 1886 595 1967 οὔκουν,
618 1887 654 1949 οὐ
680 1888 732 1965 δή,
755 1889 833 1966 alia,
858 1890 939 1950 certi
962 1888 1055 1950 nihil.
1081 1923 1122 1931 —
1146 1889 1201 1950 Vs
1228 1891 1257 1951 3.
1282 1889 1330 1949 Bl.
1355 1887 1396 1960 εἰς
1419 1885 1518 1947 ἑστίαν

239 1986 290 2053 τιν’
317 2009 374 2068 pro
397 1991 576 2052 sanissimo
599 1989 640 2062 εἰς
665 1987 801 2049 ἕστίαστν,
825 1991 872 2052 Ne
896 2006 1051 2065 graecum
1077 1992 1208 2065 quidem
1232 1993 1332 2049 saleio
1355 1989 1396 2062 εἰς
1419 1987 1519 2048 ἑστίαν

240 2096 379 2155 videtur.
412 2092 473 2153 Sed
504 2095 593 2154 recte
617 2093 704 2153 idem
728 2095 839 2154 tuetur
864 2109 911 2153 vs.
937 2095 957 2152 4
982 2091 1056 2170 πρὸς
1079 2090 1134 2169 τὴν
1158 2091 1287 2169 σελήνην
1311 2092 1357 2151 ad
1381 2091 1516 2152 lucem

239 2196 379 2271 lunae,
405 2197 442 2255 ut
465 2192 539 2271 πρὸς
563 2191 614 2253 τὸν
638 2192 741 2270 ἥλιον,
761 2192 794 2252 τὸ
818 2203 883 2270 φῶς
908 2197 969 2255 etc.

197 2299 247 2359 Fr.
273 2301 348 2360 365.
484 2292 500 2355 ὃ
523 2294 607 2374 λιμὸς
630 2293 738 2373 ὑμῶν
761 2294 814 2356 τὸν
837 2294 929 2355 καλὸν
952 2303 1059 2355 τοῦτον
1083 2291 1213 2353 δακὼν

486 2396 669 2457 Φιλιππίδου
692 2395 865 2474 λεπτότερον
889 2393 1038 2469 ἀποδείξει
1063 2394 1203 2474 [νεκρόν].

240 2501 302 2561 Pro
322 2497 406 2576 ὑμῶν
426 2499 564 2573 Bentley
584 2496 666 2575 ὑμῖν,
684 2498 826 2571 Bloydes
845 2497 914 2558 υἱὸν
935 2498 1087 2572 coniecit,
1108 2500 1141 2558 et
1158 2512 1207 2556 vs.
1222 2498 1240 2556 2
1257 2495 1329 2573 ταχύ
1342 2510 1399 2572 pro
1412 2495 1519 2555 deleto

241 2618 260 2661 a
280 2600 440 2662 Meinekio
461 2599 575 2676 νεκρόν.
596 2599 657 2659 Sed
682 2597 831 2658 celeriter
850 2599 881 2658 id
901 2596 970 2659 fleri
990 2614 1055 2660 non
1075 2599 1173 2674 solet,
1191 2612 1289 2671 quare
1302 2597 1417 2657 malim
1429 2597 1521 2671 πολύ,

240 2703 350 2764 nescio
368 2705 480 2762 autem
501 2717 542 2761 an
556 2697 656 2759 δακὼν
670 2699 843 2759 olibrariis
856 2701 1029 2761 confusum
1042 2701 1087 2760 sit
1099 2715 1174 2760 curn
1187 2698 1302 2774 δάτῖων,
1315 2700 1335 2758 1.
1350 2714 1377 2759 e.
1392 2696 1521 2773 δάκνων,

240 2805 316 2877 qnia
339 2805 450 2878 aptius
474 2805 525 2863 est
549 2802 588 2862 de
612 2801 669 2861 tali
694 2815 727 2860 re
751 2801 961 2877 participium
986 2801 1171 2875 praesentis
1195 2815 1295 2874 quam
1319 2800 1443 2861 aoristi.

195 2906 246 2965 Fr.
272 2907 346 2980 366,
372 2906 401 2965 2.
437 2904 498 2965 Pro
533 2902 671 2963 θανάτου
703 2918 777 2962 cum
809 2902 954 2963 Nauckio
984 2903 1056 2964 Mel.
1081 2903 1126 2962 VI
1152 2904 1213 2963 112
1247 2905 1376 2978 requiro
1403 2909 1521 2989 ψυχῆς,

239 3007 293 3081 qui
317 3007 371 3066 cit.
397 3005 525 3066 Heracl.
550 3005 589 3065 fr.
616 3005 695 3079 105,
721 3005 880 3080 Antiphil.
906 3006 1006 3066 Anth.
1035 3005 1102 3065 Pal.
1128 3004 1187 3065 VII
1212 3006 1287 3081 623,
1318 3004 1455 3080 Longin.
1480 3004 1519 3063 de

238 3107 369 3167 sublim.
394 3108 447 3181 44,
473 3109 492 3168 9
517 3106 665 3181 aliosque
688 3106 787 3167 locos.
812 3107 1006 3183 Interprstis
1030 3109 1082 3167 est
1104 3105 1252 3166 θανάτου.

195 3211 245 3269 Fr.
271 3210 346 3268 361.
382 3207 427 3267 De
462 3206 574 3268 Cobeti
610 3208 839 3269 observatione
869 3209 1000 3270 Atticos
1029 3224 1094 3269 non
1125 3208 1264 3287 τετάρτην
1288 3207 1426 3281 dixisse,
1460 3205 1517 3265 sed

241 3308 379 3386 τετράδα,
423 3309 565 3382 Blaydes
608 3310 776 3370 contendit
815 3310 1084 3385 distinguendam
1119 3325 1192 3371 esse
1225 3307 1380 3387 τετάρτην,
1412 3307 1519 3367 diem

242 3410 471 3471 secundum
513 3413 609 3484 post
652 3412 885 3472 crastinum
923 3415 955 3472 et
997 3410 1138 3489 τετράδα,
1180 3411 1288 3472 diem
1323 3411 1520 3484 quartum

242 3513 417 3587 mensis,
456 3527 515 3572 neo
545 3512 728 3573 Porsonurn
760 3515 794 3572 et
821 3512 1033 3587 Meineldum,
1067 3516 1104 3573 ut
1134 3512 1188 3573 ille
1212 3511 1361 3586 putabat,
1387 3510 1520 3584 linguae

240 3628 377 3687 graecae
402 3614 469 3672 vim
494 3613 647 3673 intulisse
671 3615 702 3672 in
728 3613 846 3674 lacuna
875 3629 924 3673 vs,
950 3616 969 3673 4
994 3615 1214 3690 proponentes
1238 3610 1278 3683 εἰς
1297 3611 1446 3686 τετάρτην,
1464 3611 1521 3670 sed

241 3714 390 3775 illaturos
414 3715 530 3789 fuisse,
556 3712 597 3784 εἰς
621 3713 744 3791 τετράδα
768 3715 797 3775 si
821 3715 1081 3790 proposuissent.
1107 3714 1256 3774 Iudicent
1279 3713 1345 3772 alii.

197 3816 248 3875 Fr.
273 3815 348 3874 371.
370 3814 586 3890 Ambigebam
611 3818 723 3876 utrum
744 3816 975 3890 explicandum
1002 3819 1090 3877 esset
1116 3819 1177 3886 τοῖς
1201 3821 1363 3894 γαμοῦνται,
1382 3814 1522 3872 ductu·

242 3918 302 3977 ris
333 3932 521 3993 uxorem,
555 3917 672 3993 quippe
698 3918 894 3993 δαιμονῶσιν,
923 3932 965 3977 an
989 3917 1051 3977 hoo
1073 3931 1131 3991 pro
1155 3915 1212 3975 illo
1236 3914 1519 3988 substituendum,

243 4017 315 4077 coll.
339 4017 425 4077 Plut.
448 4019 524 4079 Mor.
550 4019 662 4079 706E.
688 4019 772 4079 lllud
795 4019 937 4078 fortasse
961 4017 1221 4092 praeferendum.

199 4118 250 4177 Fr.
276 4117 350 4177 378.
509 4117 638 4189 πολλοὺς
662 4117 879 4197 λογισμοὺς
901 4113 921 4194 ἡ
944 4117 1076 4194 πονηρία
1099 4121 1211 4177 κυκλοῖ.

243 4218 416 4297 Λογισμοὺ,1
438 4221 578 4280 fortasse
598 4223 686 4280 recte
706 4223 819 4280 tuetur
839 4219 901 4295 Bl.‚
923 4220 992 4295 ipse
1011 4219 1083 4279 sine
1104 4233 1204 4279 causa
1224 4217 1394 4290 requirens
1415 4220 1523 4276 κυκλεῖ.

292 4322 660 4379 ΠΕΡΙΚΕΙΡΟΜΕΝΗ.
685 4320 792 4381 Schol.
817 4320 858 4380 ad
882 4320 1011 4381 Terent.
1037 4320 1182 4380 Eunuch.
1205 4320 1218 4377 Ι
1242 4319 1320 4378 116:
1346 4318 1524 4377 Videtur

244 4420 472 4481 Detonsam
503 4422 849 4482 Periciromenen
882 4420 1098 4481 Menandri
1127 4432 1309 4495 quagere
1334 4422 1523 4492 (tangere

245 4522 388 4582 correxit
426 4522 679 4595 Umpienbacht,
727 4522 768 4580 in
807 4535 885 4595 qua
924 4520 1070 4581 fabula
1107 4520 1232 4580 miles
1270 4519 1524 4594 suspicione

244 4637 475 4697 percussus
513 4622 716 4683 adulterii
759 4622 901 4696 gladio
940 4624 1106 4681 amatae
1144 4622 1339 4696 amputat
1370 4621 1524 4681 crines.

247 4722 316 4783 Vid.
341 4724 484 4783 Hermae
509 4724 573 4784 vol.
598 4724 682 4798 Hp.
709 4724 783 4783 344.

200 4825 251 4885 Fr.
276 4825 350 4900 380,
379 4826 406 4885 1.
438 4825 474 4885 ln
506 4828 638 4885 textum
669 4828 839 4900 receptam
862 4824 1007 4900 oportuit
1029 4826 1155 4883 certam
1180 4822 1330 4882 Meinekii
1355 4823 1523 4881 correctio·

245 4939 323 4984 nem
347 4921 511 4985 εὔπειστον.
