3502 5512
883 353 946 413 130

295 557 360 603 non
391 556 478 614 esse,
510 539 594 600 satis
617 535 827 613 probabiliter
854 536 993 597 coniecit
1020 532 1060 607 ὡς
1085 533 1259 615 Βάηορίδης
1282 541 1341 599 aut
1363 536 1419 598 οὐκ
1443 536 1574 619 Εὐχαρί-

295 641 351 720 δης
366 665 420 714 -;
451 641 523 702 coll.
548 639 645 715 Vesp.
671 637 746 699 678.
777 635 913 715 Χαρίδης
948 652 1028 697 sane
1059 639 1206 699 nondum
1236 642 1403 714 repertum
1432 633 1572 716 videtur,

294 745 351 804 sod
377 741 525 821 Χορείδος
549 739 765 801 Mantinensis
788 739 910 815 legitur
933 738 1048 801 00111
1075 742 1156 802 1181
1183 744 1217 802 et
1240 741 1394 821 Χαριάδης
1420 742 1574 817 frequens

295 848 348 906 est
370 859 489 905 nomen
514 843 669 919 atticum,
695 856 843 902 necnon
868 842 991 920 Χαρίος.

250 947 301 1007 Fr.
327 946 402 1020 248,
424 947 453 1007 5.
479 946 540 1005 Pro
563 942 688 1022 μάχιμος
711 944 865 1018 proposui
886 942 985 1022 λίχνος
1010 947 1066 1005 aut
1089 943 1215 1023 μάργος,
1238 946 1295 1005 sed
1316 944 1396 1006 illud
1415 945 1573 1023 praefero.

251 1049 301 1108 Fr.
327 1048 402 1122 250,
425 1050 455 1107 4.
489 1048 527 1106 In
558 1044 599 1105 ἔτι
629 1046 701 1106 iure
735 1045 906 1107 offendens
927 1046 976 1106 Bl.
1008 1046 1149 1107 coniecit
1177 1049 1374 1125 τραγημάτων
1397 1043 1501 1107 δοτέον
1530 1051 1576 1118 (et

295 1149 360 1210 alia
383 1150 496 1210 minus
519 1146 708 1223 probabilia)
732 1150 767 1207 et
789 1147 986 1207 πλακούντων
1000 1149 1046 1219 (1).

250 1252 302 1311 Fr.
328 1252 402 1311 252.
432 1243 548 1314 <iob
564 1239 597 1309 εὖ
619 1263 694 1309 cum
719 1248 857 1311 Vindob.
882 1250 989 1311 Trinc.
1010 1250 1074 1326 Bl.,
1099 1250 1156 1310 sed
1180 1252 1269 1311 recte
1292 1265 1327 1311 se
1346 1249 1446 1311 habet
1464 1244 1573 1328 ὀρθῶς.

252 1353 303 1412 Fr.
330 1354 404 1412 253.
596 1344 753 1428 Ἀφροδίσι’
781 1340 833 1430 ἦγε
857 1355 920 1424 ταῖς
942 1349 1071 1431 ἑταίραις
1094 1347 1114 1429 ἡ
1139 1350 1233 1424 πόλις·

598 1448 679 1529 ἕτερα
704 1447 737 1511 δὲ
759 1451 847 1530 χωρίς
871 1449 931 1512 ἐστι
953 1456 1016 1524 ταῖς
1040 1449 1220 1533 ἐλευθέραις.

596 1556 659 1624 ταῖς
681 1548 806 1632 ἡμέραις
829 1553 950 1626 ταύταις
973 1549 1006 1614 δέ
1029 1553 1176 1632 κωμάζειν
1199 1552 1216 1614 έ
1220 1557 1294 1625 θος

597 1652 722 1729 ἔστιν,
743 1653 863 1731 νόμος
886 1676 922 1715 τε
945 1653 1012 1727 τὰς
1036 1652 1197 1732 ἑταίρας
1221 1652 1333 1714 ένθολιλι

296 1858 349 1919 Sic
380 1858 487 1919 editur
518 1874 593 1919 cum
623 1858 758 1918 Porsoni
788 1857 1033 1934 supplemento,
1065 1858 1122 1919 sed
1146 1862 1338 1936 suspectum
1362 1860 1443 1920 mihi
1467 1861 1576 1921 estet

295 1975 538 2035 supervacuum
565 1958 657 2036 νόμος
681 1979 709 2018 τε
732 1961 766 2020 et
795 1956 873 2018 ἔστιν
896 1963 1092 2035 usurpatum
1116 1976 1173 2035 pro
1198 1961 1382 2023 necessario
1406 1960 1573 2037 enclitico,

296 2062 380 2135 quod
401 2077 480 2121 num
504 2076 638 2121 versum
662 2059 761 2121 ordiri
784 2060 891 2135 possit
913 2060 1037 2121 dubito.
1063 2061 1220 2136 Quocirca
1242 2061 1352 2123 locum
1373 2076 1436 2122 non
1457 2061 1576 2122 lacuna

295 2163 442 2224 laborare
462 2162 519 2225 sed
543 2163 653 2237 potius
676 2161 928 2237 interpolatione
953 2163 1091 2222 credens
1115 2162 1263 2238 suspicor
1280 2166 1413 2238 poetam
1430 2163 1573 2224 dedisse:

943 2267 1006 2334 ταῖς
1031 2261 1220 2342 ἐλευθέραις,

572 2369 636 2437 ταῖς
659 2361 782 2444 ἡμέραις
806 2364 927 2436 ταύταις
952 2360 985 2424 δέ
1007 2363 1155 2442 κωμάζειν
1178 2363 1252 2437 ἔθος

573 2465 684 2527 ἐνθάδε
709 2459 775 2544 μεθ’
800 2461 901 2542 ἡμῶν,
923 2466 993 2528 scil.
1018 2470 1081 2538 ταῖς
1105 2463 1284 2545 ἐλευθέραις.

295 2569 452 2644 Loquitur
493 2569 595 2643 igitur
635 2568 771 2629 hetaera
812 2569 845 2627 et
886 2568 1019 2641 quidem
1060 2568 1146 2643 ipsa,
1187 2567 1221 2628 ni
1256 2568 1361 2645 fallor,
1398 2567 1574 2628 Philusa

298 2673 331 2732 in
356 2670 499 2748 prologo.

253 2774 304 2834 Fr.
331 2774 404 2849 254,
433 2773 461 2832 1.
494 2769 697 2832 Coniecturis
726 2785 822 2830 suam
854 2769 945 2830 addit
967 2769 1015 2830 Bl.
1040 2766 1092 2828 ἐὰν
1117 2803 1157 2814 -
1181 2767 1236 2848 ἔχω
1260 2784 1318 2845 pro
1341 2776 1394 2830 τοῦ
1420 2802 1460 2813 -
1484 2766 1575 2847 ἔχειν,

296 2875 472 2950 propositis
502 2874 710 2934 audaciorem
739 2887 799 2932 nec
829 2871 1012 2932 meliorem.
1050 2871 1182 2947 Optime
1212 2874 1271 2932 aut
1300 2870 1415 2932 Iacobs
1445 2891 1506 2930 πον
1532 2904 1571 2915 -

294 2975 369 3054 ἔχων
392 2977 450 3036 aut
472 2974 619 3035 Meinelre
641 2995 686 3032 τοι
710 3007 751 3017 -
775 2970 849 3050 ἔχων
873 2973 1056 3033 correxisse
1080 2974 1220 3034 videtur.

251 3079 301 3138 Fr.
327 3078 402 3139 255.
515 3075 616 3136 εἰτοῦ
640 3074 848 3152 μεθύσκεσθαι
871 3072 1017 3153 πρότερον
1040 3071 1072 3134 τὸ
1096 3077 1266 3153 κραιπαλᾶν

516 3169 770 3257 παρεγί<γ>νεθ’
796 3170 883 3252 ἡμῖν,
905 3170 974 3235 οὐδ’
1000 3171 1039 3234 ἂν
1062 3168 1103 3247 είς
1127 3169 1212 3235 οἶνόν
1235 3195 1306 3234 ποτε

512 3277 696 3362 προσίετο
719 3275 840 3336 πλείω
863 3284 929 3336 τοῦ
953 3277 1123 3356 μετρίου.
1146 3275 1216 3336 νυνλ
1240 3272 1273 3336 δέ
1295 3274 1350 3353 την

516 3379 659 3458 τιμωρίαν
682 3375 719 3439 ού
742 3377 966 3457 προσδοκῶντες
989 3385 1041 3456 τῆς
1065 3376 1161 3456 μέθης

515 3480 597 3560 ἥξειν
619 3478 781 3560 προχείρως
804 3477 895 3551 τοὺς
919 3476 1118 3558 ἀκράτους
1142 3478 1278 3555 πίνομεν.

294 3585 491 3659 corruptum
521 3597 595 3643 esee
624 3579 694 3651 τοὺς
722 3577 870 3659 ἀκράτους
894 3581 1036 3642 concedo
1060 3581 1198 3656 Kocirio,
1223 3580 1281 3641 sed
1304 3580 1393 3641 male
1417 3582 1571 3642 correxit.

265 3673 363 3747 ‘Non
399 3687 488 3746 enim
522 3686 562 3745 de
597 3698 701 3758 mero,
737 3682 795 3743 sed
831 3683 870 3742 de
911 3682 1239 3743 immoderatius
1274 3682 1416 3757 potando
1451 3682 1571 3758 agitur,

292 3789 402 3861 itaque
426 3786 505 3846 oiim
529 3786 653 3847 conieci
677 3777 787 3844 οἶνον
811 3781 986 3862 άνρανοις
1009 3783 1145 3861 πίνομεν.
1170 3784 1275 3845 Hodie
1298 3783 1525 3858 praetulerim:

605 3885 768 3964 προχείρως
791 3882 919 3962 πίνομὲν
942 3906 978 3945 τε
1002 3882 1214 3963 κᾶκρατῶς.
1320 3896 1323 3902 ’

290 3989 381 4049 Licet
409 4002 474 4048 non
498 3988 719 4062 persuaserim
741 3987 880 4064 Koclrio‚
906 3987 1066 4062 hodieque
1089 3988 1138 4048 sic
1161 3989 1282 4048 statuo.
1308 4018 1348 4030 ·-
1370 3984 1426 4047 Vs.
1459 3987 1489 4047 3.
1521 3985 1570 4046 Bl.

292 4090 437 4150 offensus
470 4090 562 4148 brevi
592 4089 660 4150 iota
690 4090 830 4150 coniecit
860 4093 1011 4167 προσοῖτο,
1044 4092 1103 4150 aut
1126 4089 1237 4159 (male)
1261 4080 1386 4165 προοῖντ’
1412 4082 1451 4145 dv
1473 4089 1573 4171 πλεῖν,

293 4194 421 4251 mutato
456 4190 555 4250 simul
591 4205 639 4250 vs,
666 4190 684 4248 2
716 4182 800 4248 ολνον
831 4190 864 4249 in
896 4188 991 4249 οἴνου.
1024 4191 1144 4251 Forma
1174 4190 1262 4251 enim
1290 4191 1376 4246 πλεῖν
1398 4203 1456 4263 pro
1480 4184 1571 4247 πλέον

293 4308 357 4353 non
388 4292 451 4352 nisi
483 4308 558 4352 cum
589 4291 738 4351 numeris
762 4292 980 4366 coniungitur.
1006 4292 1240 4367 Imperfectum
1264 4304 1341 4350 vero
1365 4290 1395 4349 h.
1416 4290 1438 4350 t.
1463 4290 1572 4365 aptius

292 4409 391 4467 quam
422 4394 566 4453 aoristus
596 4395 629 4453 et
651 4393 683 4452 in
709 4393 890 4452 recentiore
914 4394 1083 4453 comoedia
1103 4392 1194 4453 verbi
1213 4391 1277 4468 ἴημι
1297 4391 1365 4451 iota
1384 4394 1569 4465 correptum

292 4498 404 4555 tuetur
435 4492 557 4572 οννΐημι
588 4493 727 4554 Philem.
760 4493 804 4552 IV
835 4494 894 4567 483
931 4493 1077 4555 Straton.
1109 4494 1154 4553 IV
1184 4495 1259 4568 546,
1292 4493 1370 4553 licet
1399 4493 1444 4553 ibi
1474 4491 1570 4552 facile

292 4597 435 4656 conicias
466 4605 606 4673 συνῆκας.
638 4596 792 4656 Fortasse
822 4596 923 4671 igitur
951 4598 1099 4669 praestat
1128 4596 1159 4656 h.
1184 4595 1205 4656 l.
1230 4594 1442 4656 admitterare
1466 4593 1569 4654 durio·

291 4713 361 4758 rem
386 4701 602 4774 anapaestum
625 4693 740 4775 προοΐΙ
762 4718 808 4755 ετο
832 4696 900 4755 nir!
919 4689 923 4777 Ι
945 4719 977 4755 ο.

248 4802 299 4861 Εἰ.
326 4802 400 4863 257.
547 4797 610 4858 ἀεί
629 4794 653 4878 μ’
680 4795 696 4857 ὅ
721 4802 885 4877 Χαιρεφῶν
907 4792 958 4857 τιν’
987 4796 1117 4877 εύρίσκει
1140 4796 1256 4877 τέχνην.

549 4897 611 4959 καί
635 4907 707 4959 νῦν
731 4898 883 4978 πορίζεταί
903 4919 943 4979 γε
965 4896 1001 4958 τὰ
1025 4892 1118 4959 δεῖπν’
1143 4896 1309 4979 ἀσύμβολα.
