3502 5512
813 372 875 431 199

222 556 255 612 et
278 569 327 614 ve.
349 556 368 614 5
392 553 491 627 λλθον,
514 555 534 613 i.
560 570 587 614 e.
612 551 753 632 όφωνον,
776 572 833 631 pro
856 555 952 632 λιμόν.
976 557 1044 632 Quo
1069 573 1167 617 sensu
1191 557 1239 617 Bl.
1265 555 1362 639 δίφρῳ
1383 557 1415 616 in
1437 555 1497 640 ἥρῳ

221 657 342 730 mutet,
368 656 546 730 caliginosa
570 660 664 716 nocie
684 657 767 716 mihi
787 658 958 718 obscurius
978 661 1039 718 est.
1063 693 1098 701 -
1122 658 1178 717 Vs.
1192 661 1221 718 6.
1244 658 1333 717 Idem
1354 655 1498 733 ἀπηλάθη

221 772 278 830 pro
312 754 486 833 ἀπεστράφη
515 763 547 817 oi
571 774 618 817 VS.
648 759 667 818 8
691 755 771 830 ἔδοξε
801 758 897 818 πάντα
922 776 978 835 pro
1002 757 1103 830 ἔδοξεν
1127 759 1206 841 αὐτῷ
1234 759 1398 834 proponit,
1423 759 1498 832 quid

222 872 299 917 vero
323 873 371 917 vs.
399 860 437 917 12
470 858 532 917 sibi
566 858 644 919 velit
672 860 743 920 eius
766 861 953 921 coniectura
977 861 1098 943 τοιαύτη
1125 895 1163 902 -
1189 859 1306 941 καχεξία
1330 875 1387 934 pro
1411 860 1498 935 geni·

222 959 315 1034 tiata,
347 975 422 1020 cum
452 961 645 1034 praesertim
679 977 742 1022 non
766 965 874 1023 mutet
898 979 946 1023 vs.
973 964 1012 1022 13
1036 958 1233 1038 ἐζηλωμένης,
1256 961 1375 1022 vellem
1401 960 1498 1034 expli-

220 1063 344 1136 casset,
377 1077 436 1120 nee
468 1062 656 1121 necessaria
687 1063 816 1123 videtur
848 1063 919 1123 eius
942 1064 1082 1124 mutatio
1109 1061 1141 1122 ἕν
1164 1073 1202 1144 τῷ
1226 1062 1281 1143 βίῳ
1305 1078 1362 1136 pro
1386 1068 1417 1118 ἐν
1439 1066 1500 1133 τοῖς

221 1160 306 1237 βίοις.
331 1162 502 1222 Manifesto
525 1167 636 1222 autem
660 1159 818 1241 ἐπιπλῆξαι
841 1167 905 1234 (14)
928 1165 1128 1239 iungendum
1153 1179 1228 1224 cum
1249 1161 1317 1233 τοὺς
1338 1197 1374 1203 -
1400 1158 1499 1236 ἑλομέ-

224 1283 309 1336 νους,
332 1278 388 1336 pro
408 1262 525 1337 quibus
545 1268 604 1333 ταῖ,Δ
620 1297 658 1307 -
673 1261 823 1340 ἑλομένοις
847 1267 976 1340 requiro
1002 1281 1077 1326 cum
1103 1265 1236 1325 Koekio.
1263 1265 1325 1324 Sed
1349 1280 1424 1324 cum
1450 1264 1497 1323 Bl.

223 1363 357 1437 reliquis
386 1364 582 1423 coniecturis
609 1365 641 1424 in
667 1382 715 1425 vs.
741 1368 782 1426 25
806 1368 955 1441 praefero
979 1368 1169 1427 Grotiauam
1194 1363 1324 1436 ἀναιδῶς
1348 1381 1405 1440 pro
1436 1362 1499 1423 όνω

223 1463 281 1523 διὰ.
306 1498 348 1508 -
373 1465 427 1525 Vs.
454 1467 505 1526 27.
527 1466 618 1526 Idem
644 1468 691 1528 Bl.
717 1469 772 1528 cit.
799 1471 852 1529 Ar.
874 1469 929 1542 Ee.
955 1469 1036 1541 842;
1060 1468 1193 1543 Quintil.
1218 1468 1280 1526 Xll
1305 1468 1354 1542 11,
1376 1469 1412 1539 2;
1434 1466 1498 1526 (lie.

222 1566 312 1626 Verr.
337 1566 381 1625 IV
412 1568 454 1626 30
485 1568 648 1628 coniciens
678 1566 801 1628 ἔντονον
832 1570 990 1639 (Mainake
1021 1567 1157 1648 εὔτονον)
1182 1586 1212 1627 σε
1237 1571 1297 1639 θεῖς
1327 1568 1501 1628 infeliciter

224 1683 300 1727 vero
337 1683 384 1728 vs.
411 1669 451 1727 29
483 1665 579 1746 ἀργὴν
603 1684 660 1743 pro
683 1667 778 1741 εὐθὺς
809 1673 916 1739 (teneo
948 1686 1059 1731 meum
1091 1661 1124 1729 εὖ
1148 1692 1177 1729 τε
1208 1672 1265 1729 aut
1295 1669 1438 1729 scribam
1466 1658 1500 1726 εὖ

222 1772 296 1839 πως)
320 1771 353 1828 et
375 1770 446 1829 sine
470 1784 570 1829 cauea
592 1771 657 1840 (34)
682 1771 877 1832 mendosum
903 1774 997 1832 vocat
1020 1776 1109 1831 νοσεῖ.
1131 1805 1169 1814 -
1192 1771 1246 1831 Vs.
1272 1772 1325 1831 36.
1349 1771 1501 1830 Fortasse

223 1870 344 1930 rectius
363 1870 411 1930 Bl.
435 1870 607 1944 distinguit
630 1870 753 1945 νεκροὺς
777 1871 920 1947 δειπνῶν,
943 1882 1048 1956 σιωπῇ.
1074 1906 1113 1917 --
1139 1872 1193 1933 Vs.
1214 1874 1267 1933 44.
1292 1872 1392 1931 Notat
1415 1870 1500 1930 idom

223 1972 386 2031 secundae
415 1971 563 2045 syllabae
594 1972 626 2031 in
657 1973 853 2050 πολυχρύσων
883 1973 1140 2049 productionem.
1173 1975 1216 2033 At
1247 1973 1424 2032 manifesta
1451 1973 1502 2031 est

225 2073 357 2147 parodia
387 2074 512 2147 tragica
540 2072 655 2132 Λυδῶν
686 2083 744 2132 τῶν
778 2075 974 2153 πολυχρύσων
1005 2073 1080 2147 όναξ
1112 2075 1163 2143 (ci.
1195 2075 1268 2134 Eur.
1298 2073 1385 2134 LA.
1411 2074 1501 2148 787),

225 2189 307 2248 quae
332 2175 396 2234 iam
423 2175 620 2235 Meiuekium
646 2191 709 2236 non
734 2176 842 2237 latuit.

187 2334 389 2402 Nicomachi
414 2339 452 2398 tr.
482 2340 508 2413 1,
535 2340 564 2398 θ.
596 2334 687 2397 όιττόν
719 2355 776 2414 pro
807 2337 950 2417 πρότερον
979 2339 1140 2399 Headlam
1165 2341 1199 2398 et
1221 2338 1284 2412 Bl.,
1310 2337 1364 2411 qui
1386 2351 1502 2410 parum

225 2439 434 2513 probabiliter
458 2445 626 2514 praeterea
653 2441 791 2501 coniecit
810 2439 909 2516 ἑφθόν
936 2444 969 2502 et
995 2443 1066 2500 sine
1093 2456 1193 2501 causa
1218 2437 1386 2498 ἀποδοῦναι
1410 2438 1504 2505 (red-

226 2540 334 2601 dere.
370 2541 416 2602 of.
453 2558 683 2617 praegressum
717 2542 940 2620 παραλαβόντα)
971 2543 1093 2602 mutari
1126 2541 1216 2601 iubet
1246 2541 1278 2599 in
1309 2543 1503 2615 repatriare.

226 2641 313 2716 Quae
339 2643 426 2703 idem
453 2644 486 2702 in
511 2642 580 2704 loco
603 2644 775 2719 desperato
798 2647 852 2714 (lo
876 2650 936 2720 sq.)
960 2646 1067 2704 tentat
1091 2644 1245 2717 legantur
1268 2642 1353 2716 apud
1377 2641 1501 2716 ipsum,

226 2743 357 2817 quibua,
383 2745 445 2803 nisi
470 2746 586 2805 inutile
609 2748 711 2820 esset,
737 2747 860 2806 similia
883 2746 988 2806 multa
1011 2746 1130 2805 addere
1153 2759 1295 2818 possem.
1314 2778 1354 2786 -
1372 2743 1427 2802 Vs.
1452 2744 1501 2802 lb.

232 2847 372 2917 (σεῆδεῖ
393 2849 426 2905 et
450 2861 497 2905 vs.
527 2847 563 2905 17
589 2837 631 2905 ὧν
656 2844 765 2906 εἰδέναι
789 2864 827 2906 σε
851 2852 982 2923 κρεῖττον
1009 2837 1048 2923 ἧν
1071 2844 1141 2922 πρίν
1164 2867 1214 2920 μοι
1237 2847 1337 2902 καλεῖν
1361 2844 1502 2904 fortasse

227 2955 315 3033 recte
347 2950 433 3009 idern
464 2949 602 3009 coniecit
632 2951 695 3010 nisi
726 2951 808 3024 quod
838 2950 996 3010 traditum
1020 2964 1067 3007 σοι
1090 2946 1215 3007 servari
1239 2948 1357 3020 potest.
1383 2977 1421 2986 -
1449 2943 1504 3002 Vs.

229 3058 281 3116 39.
306 3053 353 3113 Bi.
378 3067 435 3126 pro
458 3050 532 3128 πρὸς
556 3046 605 3126 ἐμὲ
628 3049 678 3110 καὶ
702 3052 884 3130 γραφήσεται
905 3051 1055 3126 proponit
1077 3047 1151 3122 πρὸς
1175 3044 1224 3123 ε’μέ
1242 3040 1265 3124 γ’
1289 3043 1504 3124 ἐγγραφήσεται

227 3161 284 3217 eut
306 3151 551 3229 παραβληθήσεται
575 3157 633 3211 aut
658 3150 898 3230 darnacollecta.
930 3150 1008 3210 liihi
1032 3148 1190 3225 postulari
1216 3147 1346 3206 videtur
1369 3144 1503 3219 aequi·

235 3254 410 3331 parandi
443 3254 548 3327 notio,
581 3269 640 3313 nec
672 3257 770 3313 verbo
799 3252 926 3331 γράφειν
950 3252 1064 3311 eiusve
1088 3249 1281 3324 compositis
1304 3261 1378 3306 esse
1402 3246 1503 3305 loeus.

229 3358 305 3418 dell.
330 3356 385 3415 Ar.
410 3355 541 3413 Thesm.
568 3356 631 3414 802
656 3370 716 3429 ειη,
741 3357 817 3428 apte
841 3353 1034 3413 conieceris:

451 3453 551 3524 οὐδεὶς
575 3451 669 3531 ἕτερός
693 3471 739 3513 σοι
764 3452 837 3527 πρὸς
862 3451 911 3529 ἐμὲ
935 3450 1242 3527 κάντιθήσεται,

230 3572 348 3618 namo
372 3556 485 3615 alius
510 3571 528 3614 a
553 3559 592 3614 te
617 3555 720 3614 mibi
745 3555 810 3614 vel
835 3556 1082 3629 opponetur.

187 3661 236 3720 Fr.
262 3662 291 3734 2,
321 3660 347 3717 1.
384 3657 529 3716 Meinelre
564 3657 727 3715 coniciens
762 3646 795 3713 τό
830 3657 899 3732 βίου
934 3652 1096 3732 βεβηκότα,
1131 3651 1214 3726 quod
1244 3651 1300 3709 vix
1336 3665 1504 3724 graecum,

229 3761 440 3832 meminerat,
467 3759 588 3833 opinor,
613 3760 711 3817 notae
731 3757 905 3817 locutionis
929 3747 961 3815 τό
981 3755 1064 3832 ἥκειν
1085 3762 1137 3812 τοῦ
1156 3753 1234 3830 βίον.
1253 3752 1352 3810 Valde
1365 3750 1507 3824 placeret

233 3863 435 3923 Kockianrrm
455 3857 486 3918 ἐν
506 3857 606 3939 sidia,
625 3860 688 3919 nisi
713 3858 905 3933 scrupulum
927 3858 1007 3916 mibi
1030 3860 1177 3915 moveret
1201 3851 1363 3929 βεβιωκότα
1383 3852 1505 3911 dictum

231 3983 287 4040 pro
319 3966 426 4037 ζῶντα,
457 3962 540 4034 quod
572 3963 599 4019 si
633 3964 720 4020 recte
752 3976 787 4020 se
811 3961 945 4033 habeat,
975 3959 1081 4032 possis
1106 3958 1205 4015 etiam
1231 3953 1377 4013 conicere
1402 3948 1506 4026 ιἰλβιίυς

231 4063 402 4143 βεβιωκότα.
442 4064 592 4122 Fortasse
627 4063 726 4137 igitur
768 4061 1017 4137 praeferendum
1054 4060 1136 4133 quod
1173 4057 1250 4115 olim
1288 4054 1439 4130 proposui
1477 4050 1507 4111 ἐν

232 4166 342 4244 ὀλβίαις
367 4164 525 4241 βεβηκότα.

185 4330 346 4397 'Xenonis
370 4331 407 4390 ir.
434 4328 527 4387 Prius
547 4328 653 4397 πάντες
674 4343 777 4400 neque
799 4343 872 4388 eum
895 4325 1019 4386 Nabero
1041 4325 1071 4383 in
1093 4321 1213 4399 όνόρτς,
1233 4337 1336 4394 neque
1361 4336 1435 4380 eum
1460 4319 1506 4378 ol·

231 4436 264 4493 in
289 4431 320 4492 oi
339 4429 395 4510 γὰρ
419 4431 636 4504 mutaverim,
657 4429 713 4489 sed
737 4445 783 4489 vs.
806 4430 824 4487 2
849 4431 926 4487 ante
954 4428 968 4485 1
994 4424 1252 4500 transposuerim
1277 4437 1351 4482 cum
1375 4421 1508 4481 Kockio.

189 4592 362 4677 Polyoebl
386 4594 423 4652 ir.
449 4592 529 4667 Quid
554 4594 745 4666 deliquerim
772 4593 852 4653 vs.2
879 4592 1030 4652 coniceris
1054 4587 1146 4671 ἔσθης
1173 4603 1229 4662 pro
1250 4584 1339 4667 ἔλθη,
1357 4585 1509 4658 quamvis

233 4695 434 4773 displicuerit
463 4694 601 4769 Koclrio,
635 4695 780 4754 nondum
806 4693 913 4768 video,
939 4707 999 4752 nec
1022 4691 1117 4751 facile
1143 4689 1246 4749 lenior
1270 4685 1511 4760 excogitabitur

234 4799 370 4859 medela.
394 4795 566 4854 Deforme
588 4793 689 4853 ἔσθειν
713 4810 770 4870 pro
789 4791 904 4854 ἐσθίειν
927 4793 1010 4852 satis
1034 4794 1173 4852 constat.
1194 4789 1325 4863 Triplex
1345 4786 1510 4859 Blaydesii

234 4904 404 4961 tentamen
429 4897 557 4971 legatur
580 4896 666 4971 apud
690 4897 798 4972 ipsum
822 4911 852 4969 p.
878 4895 952 4955 260.
