3502 5512
853 378 894 437 73

212 554 444 640 Gepbisodorl
469 562 508 622 fr.
534 562 565 622 3.

522 657 605 722 ἔπειτ’
633 658 814 737 ἀλείφεσθαι
838 665 871 726 τὸ
896 663 981 740 σῶμά
1004 685 1055 739 μοι
1079 662 1157 739 πρίω

521 765 619 842 μύρον
642 763 740 842 ἴρινον
763 763 814 825 καὶ
838 766 977 846 ῥόδινον,
999 762 1149 844 ἄγαμαι
1174 757 1334 825 Ξανθία·

521 865 655 938 καὶτοῖς
678 863 768 926 ποσὶν
792 867 880 946 χωρὶς
903 866 980 946 πρίω
1004 888 1055 943 μοι
1077 864 1222 943 βάκχαρκν
1245 856 1301 920 κτὲ.

255 965 358 1042 Koek,
395 984 493 1042 quem
529 967 664 1029 offendit
694 970 778 1043 quod
808 986 924 1032 servus
955 969 995 1030 ab
1025 983 1080 1030 ero
1111 970 1181 1027 tam
1212 961 1329 1022 blande
1357 959 1391 1017 et
1412 952 1536 1015 urbane

255 1067 468 1131 conlaudetur
486 1072 681 1146 praesertim
703 1074 880 1145 antequam
900 1071 1094 1131 mandatum
1115 1064 1301 1142 perfecerit,
1322 1057 1419 1121 scribi
1438 1052 1536 1114 iussit

255 1165 321 1249 α”γε
345 1192 423 1248 μοι,
446 1169 614 1245 Ξανθία,
641 1175 680 1233 ut
703 1169 755 1253 dyc
777 1173 847 1235 scil.
873 1171 1038 1249 significet
1060 1170 1191 1244 adfer,
1218 1179 1305 1226 eme
1328 1159 1445 1233 mihi,
1470 1168 1535 1214 non

254 1274 411 1346 reputans
435 1289 472 1334 eo
496 1290 596 1334 sensu
620 1275 798 1348 quominus
830 1274 929 1336 verba
951 1274 1210 1348 interpretemur
1234 1266 1330 1342 plane
1353 1276 1415 1322 nos
1437 1259 1535 1329 impe-

254 1370 323 1431 dire
357 1374 458 1435 verba
492 1389 688 1450 praegressa
722 1396 772 1451 μοι
806 1375 897 1454 πρίω,
929 1376 1005 1450 post
1035 1388 1117 1447 quae
1148 1371 1292 1445 pessime
1320 1359 1535 1426 abundarent.

254 1472 288 1532 Si
308 1475 382 1547 quid
402 1477 601 1538 mutandum
620 1478 717 1552 foret,
739 1477 861 1538 melius
879 1477 998 1537 saltem
1014 1474 1209 1535 coniecisset
1220 1468 1272 1549 ίγε
1284 1468 1322 1545 δή
1334 1467 1387 1527 vel
1400 1461 1452 1542 dyc
1465 1481 1537 1529 νυν,

254 1576 439 1649 agedum.
466 1578 554 1654 Quod
579 1582 691 1640 autem
715 1581 786 1638 tam
809 1578 928 1639 blando
952 1591 1106 1638 sermone
1126 1590 1202 1635 erus
1225 1573 1339 1646 utitur,
1359 1566 1470 1628 nescio
1494 1577 1535 1622 an

253 1680 382 1753 egregie
406 1681 467 1741 hoc
490 1682 604 1756 pingat
627 1681 797 1741 hominem
821 1679 958 1740 mollem
981 1683 1015 1740 et
1037 1676 1254 1750 imbecillum,
1281 1673 1333 1747 qui
1352 1671 1443 1730 totus
1462 1679 1535 1740 pen·

254 1777 330 1840 deat
353 1795 373 1841 a
394 1796 492 1842 servo
514 1782 803 1857 impudentissime
827 1785 861 1842 et
883 1781 1143 1842 insolentissime
1166 1774 1391 1853 respondenti:

478 1875 501 1943 ὦ
524 1882 747 1961 λακκόπρωκτε,
769 1884 916 1962 βάκχαριν
940 1887 1001 1953 τοῖς
1025 1886 1089 1952 σοῖς
1112 1878 1201 1940 ποσὶν

477 1982 534 2064 tyb
557 1984 706 2063 πρίωμαι;
729 1979 882 2062 λαικάσομ’
909 1981 966 2060 ἄρα
993 1976 1060 2057 (ἆρα
1069 1986 1095 2053 t)
1120 1982 1281 2060 βάκχαριν;

256 2083 379 2145 Sensus
406 2088 470 2146 est:
506 2086 628 2148 laudo
660 2090 699 2148 te
731 2089 771 2157 (si
795 2088 843 2147 ita
865 2087 1007 2161 feceris),
1038 2087 1190 2159 valetque
1221 2081 1333 2162 ἄγαμαι
1356 2080 1425 2139 fere
1448 2076 1535 2135 idem

255 2187 338 2258 quod
370 2188 454 2262 apud
485 2189 620 2249 Latinos
652 2188 810 2264 amabo,
843 2189 916 2250 sive
947 2184 1066 2251 Ξανθία
1098 2187 1270 2247 vocativus
1299 2189 1390 2253 (nam
1413 2175 1535 2253 geneti-

255 2302 334 2347 vum
368 2304 426 2364 pro
456 2286 593 2353 Esubios
624 2306 698 2351 esse
728 2305 793 2350 non
824 2305 922 2364 posse
952 2291 1041 2350 recte
1076 2289 1204 2348 monuit
1240 2285 1341 2352 Kockt
1376 2283 1465 2342 recte
1500 2288 1536 2335 se

255 2388 368 2466 habet,
400 2393 471 2451 sive
502 2390 728 2467 retingendum
760 2395 811 2452 est
834 2393 866 2451 in
892 2390 1038 2453 Ξανθίοα.
1065 2390 1112 2452 cf.
1140 2391 1195 2450 Ar.
1224 2389 1305 2450 Aah.
1332 2388 1396 2447 489
1424 2381 1537 2462 ἄγαμαι

254 2489 395 2569 καρδίας,
416 2491 471 2552 ubi
496 2493 618 2554 Person
643 2493 716 2554 coll.
741 2494 862 2553 Athen.
887 2493 951 2552 XII
974 2509 1004 2568 p.
1026 2494 1090 2553 553
1111 2491 1256 2552 malebat
1275 2488 1401 2569 ἄγαμαι,
1419 2489 1510 2567 need!
1530 2535 1536 2546 .

254 2590 302 2651 Ibi
333 2606 475 2668 quoque,
508 2598 545 2655 ut
575 2596 606 2655 h.
628 2594 667 2669 1.,
692 2596 769 2654 ante
794 2609 863 2654 rem
888 2595 1011 2654 factam
1036 2596 1231 2669 usurpatum
1255 2590 1392 2653 videbis.
1416 2590 1537 2651 Utrum

253 2692 409 2771 βάκχαρις,
443 2697 526 2768 quod
562 2698 613 2756 ter
645 2697 676 2756 h.
702 2696 722 2756 l.
755 2696 910 2771 occurrit,
944 2711 986 2756 an
1017 2694 1161 2773 βάκκαρις
1192 2696 1238 2754 sit
1268 2708 1346 2754 vera
1375 2694 1538 2767 scriptura

253 2797 415 2871 peregrini
439 2798 604 2878 vocabuli,
628 2801 829 2873 ignoremus.

210 2897 262 2957 Fr.
286 2897 316 2957 8.
352 2897 377 2957 E
406 2900 564 2973 producta
597 2900 701 2960 vocali
733 2901 766 2959 in
797 2898 937 2977 κρεάδιοα
965 2901 1054 2960 recte
1078 2901 1125 2960 Bl.
1151 2897 1276 2973 colligit
1298 2896 1437 2980 κρεᾴδιον
1461 2896 1536 2957 scri·

144 2990 146 2994 ’
253 2998 397 3060 bendum
422 3016 495 3061 esse
519 3016 595 3062 cum
618 3003 696 3062 iota.
1419 3000 1426 3013 ⁶

210 3100 262 3161 Fr.
291 3101 341 3161 10.
387 3100 539 3178 σπονδὴ
564 3098 596 3161 δὲ
619 3102 722 3182 παρὰ
745 3112 804 3163 τῶν
829 3099 965 3163 ὁλκάδων
988 3100 1052 3161 καὶ
1075 3098 1408 3179 καταφαντισγός.

255 3201 280 3261 Id
310 3202 465 3278 Pollucis,
498 3204 559 3264 hoc
590 3205 817 3279 fragmentum
849 3205 996 3280 citantis,
1023 3204 1131 3265 verbis
1155 3203 1288 3283 φρυγείς
1312 3205 1345 3263 et
1369 3202 1538 3281 φρίγετραν

255 3303 333 3364 olim
355 3304 471 3379 collegi
491 3305 708 3381 Cephisodoro
729 3307 928 3368 reddendum
943 3322 1017 3367 esse
1041 3305 1103 3365 καί
1126 3309 1224 3378 [κατα]
1244 3302 1538 3382 φραγααισμός,

253 3406 326 3467 coll.
350 3407 496 3481 Thucyd.
520 3408 581 3466 Vll
605 3411 635 3483 4,
665 3411 714 3484 13,
740 3424 804 3482 qua
827 3409 1058 3469 emendatione
1082 3410 1182 3469 tacite
1207 3423 1287 3468 usus
1309 3421 1413 3481 nuper
1433 3405 1537 3466 Head-

253 3508 322 3569 lam
353 3513 524 3583 praeterea
553 3511 723 3584 proposuit
753 3509 908 3585 σπουδὴ
941 3506 973 3568 δὲ
1001 3507 1095 3585 περὶ.
1128 3510 1208 3584 Quid
1242 3508 1305 3568 sibi
1329 3508 1409 3568 velit
1431 3529 1538 3585 καταρ-

238 3605 428 3687 ’ραντισμός,
450 3612 535 3684 quod
560 3612 700 3671 coniecit
723 3610 839 3686 Nabar,
864 3612 946 3671 mihi
971 3611 1101 3684 quidem
1125 3611 1301 3670 obscurum
1326 3612 1386 3670 est.

211 3809 349 3895 Ilpllycl
374 3815 413 3874 fr.
435 3814 464 3875 2.
489 3817 567 3891 μῆλα
591 3810 641 3872 καί
664 3813 744 3894 ῥόας.
770 3813 832 3874 cit.
858 3816 905 3875 Bl.
931 3814 1057 3875 utiliter
1083 3813 1179 3888 Vesp.
1207 3813 1310 3886 126&
1336 3813 1409 3874 Pac.
1437 3813 1537 3886 1001;

256 3913 377 3975 Herod.
400 3914 461 3975 vn
486 3918 538 3989 41,
565 3916 596 3975 3.
621 3953 630 3969 .

211 4015 262 4075 Fr.
287 4016 317 4089 3,
345 4017 372 4076 l.
408 4015 684 4093 σώμαι-τσοῦμαι
719 4018 828 4077 dorico
863 4019 1012 4077 accentu.
1050 4016 1138 4092 Quod
1171 4032 1290 4077 moneo
1325 4020 1457 4091 propter
1488 4015 1537 4075 Bl.

255 4124 352 4191 σώμαι
374 4118 608 4191 requirentem.
633 4116 709 4179 dod.
734 4122 762 4179 A
786 4113 886 4177 κοπίδ’
914 4115 1076 4194 οὐώσομαι.
1104 4118 1263 4179 Laconice
1293 4118 1482 4192 loquentem
1506 4117 1540 4175 in

254 4234 355 4279 scena
384 4220 485 4280 etiam
514 4219 659 4280 laconice
684 4221 916 4295 pronuntiasse
940 4219 1107 4295 probabile
1131 4223 1195 4296 est,
1220 4221 1330 4294 itaque
1354 4219 1539 4279 rectissime

256 4322 304 4381 ita
327 4337 401 4381 curn
422 4322 583 4381 Abrensio
604 4321 704 4382 edidit
725 4323 830 4397 Kock,
852 4325 889 4382 ut
908 4338 988 4382 mox
1007 4321 1178 4400 βαρίκες
1199 4327 1267 4395 (pro
1287 4320 1436 4398 βάρακες),
1454 4320 1539 4395 quod

254 4424 376 4483 iterum
400 4422 538 4482 miratur
563 4423 625 4497 Bt,
652 4440 767 4498 parurn
792 4437 945 4484 versatus
969 4425 1001 4483 in
1025 4424 1183 4485 dialectis.
1208 4423 1329 4484 Contra
1352 4438 1401 4483 vs.
1423 4424 1442 4482 2
1463 4422 1540 4482 dare

255 4522 411 4583 debuerat
443 4523 624 4599 ldpdnlauv,
658 4527 743 4598 quod
774 4526 845 4585 iure
876 4524 1024 4599 postulat
1050 4525 1109 4600 Bl.‚
1147 4524 1198 4584 vel
1229 4525 1339 4599 potius
1370 4523 1540 4600 Ἀμύκλαιῖν

255 4639 313 4699 pro
337 4624 606 4700 Ἀμύκλαισιν,
632 4625 729 4699 idque
760 4626 867 4687 celare
899 4625 1031 4687 videtur
1054 4626 1218 4685 Athenaei
1241 4625 1339 4686 lectio
1363 4622 1539 4702 delaturos.

257 4724 340 4786 Male
370 4725 458 4785 idem
490 4726 584 4786 Add.
610 4742 639 4801 p.
662 4728 724 4786 331
749 4725 803 4786 τὰν
827 4727 1015 4803 leprinianum
1039 4729 1200 4802 proponit.
1226 4762 1268 4770 -
1291 4728 1347 4790 Vs.
1372 4732 1392 4788 4
1416 4729 1541 4803 optime

256 4827 358 4902 idem,
391 4827 521 4888 collatis
554 4828 718 4890 Athenaei
750 4829 858 4889 verbis
890 4827 987 4904 ζωμόν
1010 4850 1090 4904 τινα,
1120 4844 1177 4902 pro
1208 4828 1394 4906 ὃαδεμοστος
1418 4831 1477 4901 (sic
1502 4831 1541 4897 A)

257 4928 391 5002 corrigit
414 4927 512 5004 δωμός
535 4951 586 4999 τις.
