3502 5512
839 385 899 444 185

250 562 391 635 Blaydes
434 566 489 625 vix
528 566 616 625 recle
651 560 873 642 <έπιγραψάτω
909 580 993 624 νων)
1028 560 1099 638 κτέ,
1133 579 1211 622 nam
1246 575 1345 620 sensu
1382 555 1523 615 multum

250 665 378 724 diverso
403 667 501 728 verbo
521 664 696 744 ἐπιγράφειν
719 666 752 726 in
776 682 811 727 re
834 666 977 727 iudiciali
1001 668 1139 725 utuntur
1162 663 1391 725 Athenienses.

206 809 416 896 Apollodori
438 817 477 877 fr.
505 818 531 892 1,
558 817 587 876 2.
613 812 650 874 ἂν
674 808 773 898 pica>
800 816 988 877 necessaria
1011 819 1063 875 est
1086 815 1252 888 Braydesii
1276 809 1445 872 correctio.

206 917 256 977 or.
282 919 310 992 3,
337 920 366 977 2.
392 918 606 978 Probabiliter
629 918 716 977 idem
747 916 835 976 εἴωθε
859 932 915 991 pro
939 914 1030 992 έοικε,
1053 917 1129 989 quia
1152 914 1254 973 ἅπασα
1280 912 1332 984 νὺξ
1356 909 1432 969 έοικε
1455 905 1525 982 φατ’-

252 1023 356 1076 νεσθαι
379 1018 478 1096 μακρά
502 1019 558 1078 vix
586 1022 696 1094 polest
718 1017 902 1092 significare
926 1017 1047 1076 ἅπασαν
1072 1017 1164 1076 νύκτα
1188 1014 1292 1086 εἰκός
1317 1011 1330 1072 έ
1338 1029 1397 1070 στι
1420 1009 1525 1086 φαίνε-

249 1123 325 1176 σθαι
348 1119 474 1198 μακράν.

205 1220 256 1281 Fr.
283 1222 332 1296 13,
357 1223 388 1281 4.
420 1222 572 1282 Felicitcr
601 1222 689 1283 idem
721 1218 752 1281 έκ
783 1219 891 1293 παιδὸς
922 1219 1048 1292 εὐθὺς
1081 1237 1138 1296 pro
1164 1218 1274 1295 αὐτοῦ,
1297 1216 1381 1291 quod
1406 1215 1524 1273 vitium

248 1323 377 1383 mirum.
395 1326 446 1383 est
470 1323 599 1384 tamdiu
622 1323 726 1384 latere
749 1325 898 1399 potuisse
922 1325 1010 1383 viros
1034 1323 1157 1383 doctos.

293 1424 330 1483 In
355 1440 402 1484 VS.
430 1426 469 1485 14
494 1422 531 1484 οὐ
555 1423 643 1484 πόλιν
668 1423 741 1501 ὅλην
764 1423 895 1500 φυλὴν
919 1420 958 1483 δὲ
982 1422 1114 1501 μαλακὸς
1141 1418 1306 1498 ἀνατρέπει.
1332 1420 1365 1479 Si
1389 1432 1424 1478 re
1448 1432 1526 1476 vera

248 1533 379 1601 φορῶν
410 1521 443 1602 ὁ,
473 1542 573 1600 quam
600 1527 777 1587 absurdam
801 1527 977 1587 lectionem
1002 1527 1082 1585 mibi
1107 1525 1223 1584 tribuit
1245 1522 1305 1597 Β1.,
1336 1519 1526 1593 inscriptis

248 1627 331 1686 meis
365 1626 496 1703 legitur,
531 1628 617 1688 haud
653 1627 748 1688 dubie
779 1627 810 1687 id
839 1631 993 1703 typorum
1027 1628 1144 1686 vitium
1175 1627 1227 1685 est
1255 1639 1312 1699 pro
1336 1621 1472 1698 φύρων
1496 1615 1526 1689 ὅ,

247 1726 267 1786 i.
292 1742 320 1787 e.
344 1727 506 1805 ταράττων,
537 1743 621 1803 quae
651 1728 838 1789 coniectura
868 1728 1005 1789 lenitate
1036 1729 1146 1801 itaquo
1174 1724 1404 1801 probabilitate
1431 1722 1527 1794 longe

246 1832 380 1903 superat
415 1831 518 1905 ipsius
552 1829 775 1905 suspicionem
810 1837 938 1889 κυκῶν
973 1825 996 1888 1.
1032 1829 1134 1889 Recte
1165 1829 1278 1888 autem
1310 1824 1404 1899 plene
1429 1823 1524 1881 inler-

248 1931 349 2004 pungi
372 1931 462 1991 iubet
485 1934 561 2007 post
583 1947 631 1991 vs.
660 1932 709 1990 16.

203 2030 254 2089 Fr.
282 2033 332 2106 14,
359 2034 388 2092 3.
414 2031 449 2092 V.
475 2033 495 2092 l.
521 2031 642 2092 εἰσιόντι
666 2033 782 2108 probat
805 2032 902 2092 idem.

204 2130 256 2191 Fr.
284 2134 333 2207 ib,
360 2134 389 2191 2.
423 2132 529 2195 verba
559 2131 658 2211 παρὸν
682 2136 736 2209 ζῆν
758 2128 853 2210 ἡδέως
884 2132 948 2207 legi
973 2135 1074 2193 etiam
1098 2133 1131 2191 in
1154 2130 1316 2204 Euripidis
1340 2129 1378 2187 lr.
1407 2129 1479 2200 193,
1505 2128 1523 2184 2

247 2235 363 2293 monet
386 2234 434 2294 Bi.

203 2376 383 2464 Anaxlppi
407 2384 445 2444 ir.
474 2388 500 2460 1,
527 2386 556 2444 8.
590 2383 673 2444 Cum
696 2385 744 2444 Bl.
776 2382 906 2457 malim,
937 2382 1009 2443 coll.
1033 2382 1197 2442 Eustathii
1227 2380 1347 2455 verbis,
1374 2371 1432 2438 olor
1456 2384 1523 2451 (pro

246 2474 291 2554 οἷς
315 2479 341 2552 ὁ)
373 2484 506 2562 Κρόνος,
535 2485 592 2546 sed
623 2500 689 2546 non
720 2485 838 2545 accedo
869 2485 975 2544 eidem
1001 2500 1050 2544 vs.
1078 2486 1117 2544 16
1141 2480 1336 2559 ἀνεκάθηραν
1359 2482 1392 2540 in
1415 2476 1524 2537 ἀντεκά-

245 2587 348 2661 θηραν
383 2587 536 2646 mutanti.
573 2586 618 2646 Do
655 2587 748 2646 venis
783 2586 961 2661 purgandis
995 2585 1119 2660 optime
1154 2584 1273 2643 dicitur
1306 2579 1525 2655 ἀνακαθαίρειν

248 2686 479 2762 (anfraomcn),
505 2686 652 2746 sordes
676 2687 871 2747 internas
895 2684 1123 2760 expellere.
1148 2685 1285 2745 Temere
1304 2683 1390 2743 idem
1412 2697 1460 2741 vs
1482 2682 1523 2741 29

248 2788 356 2847 tentat
387 2781 448 2846 ἔσθ’
483 2784 590 2846 έκαστα
618 2804 675 2862 pro
699 2786 796 2859 εὐθύς
819 2782 885 2863 ἐστ’,
908 2789 941 2847 in
965 2803 1028 2862 quo
1052 2787 1136 2847 nibil
1161 2785 1422 2862 vituperandum.
1448 2782 1524 2844 Con-

247 2889 325 2947 cedo
349 2903 425 2948 vero
449 2892 638 2963 suspectam
663 2903 737 2949 esse
762 2890 938 2950 admodum
964 2889 1139 2950 lectionem
1165 2905 1212 2949 vs.
1239 2888 1298 2946 21:
1352 2963 1353 2967 ρ

881 2991 1036 3068 μειράκιον
1059 2987 1211 3067 ἐρωμένην

570 3089 644 3169 έχων
668 3091 853 3175 πατρῴαν
877 3091 985 3152 οὐσίαν
1008 3089 1166 3150 κατεσθίει.

246 3191 300 3251 ubi
325 3193 382 3251 vix
406 3197 494 3253 recte
518 3194 672 3254 coniecit:

568 3292 643 3372 έχων
665 3292 816 3355 κατέδεται
840 3293 908 3371 τὴν
932 3293 1074 3378 πατρῴαν
1097 3293 1213 3353 οὐσίαν.
1289 3315 1290 3319 ’

245 3396 322 3467 quia
357 3396 463 3455 multo
498 3397 607 3470 aptius
643 3399 695 3457 est
729 3397 888 3457 traditum
921 3401 1052 3471 tempus
1081 3411 1249 3470 praesens.
1281 3398 1394 3457 Potius
1425 3397 1524 3471 igitur

245 3497 385 3579 πατρῴαν
410 3498 605 3558 mendosum
631 3514 704 3559 esse
729 3499 864 3559 credens
888 3500 1050 3573 suspicor:

873 3600 1027 3678 μειράκιον
1052 3598 1203 3677 ἐρωμένην

569 3697 642 3777 ἔχων
669 3698 873 3778 τρυφερὰν
897 3700 965 3777 τὴν
990 3699 1096 3761 οὐσίαν
1119 3700 1279 3760 κατεσθίει.

246 3801 330 3859 unde
361 3801 480 3861 melius
511 3802 612 3862 etiam
644 3806 813 3878 appareat,
846 3819 903 3863 cur
934 3804 1170 3878 patrimonium
1200 3803 1358 3863 devorare
1386 3803 1523 3861 dicatur.

245 3901 453 3976 corruptelae
477 3918 593 3962 ansam
617 3904 694 3963 dare
717 3906 825 3978 potuit
847 3905 1104 3979 superscriptum
1129 3904 1296 3978 glossema
1317 3902 1468 3984 πατρῴαν.
1484 3937 1522 3944 -

246 4003 301 4062 Vs.
327 4005 368 4062 46

958 4105 1012 4182 τὴν
1040 4107 1134 4182 φύσιν

535 4207 584 4265 ἵνα
608 4207 753 4287 διεγείρας
777 4217 985 4285 πνευματῶ
1009 4208 1076 4269 τὸν
1100 4206 1204 4286 ἀέρα.

247 4305 350 4365 Verba
381 4310 541 4382 corrupta.
582 4311 703 4384 Aptam
736 4312 937 4370 sententium
970 4311 1105 4385 praebet
1140 4312 1304 4384 Blaydesii
1336 4313 1525 4371 coniectura

245 4406 477 4482 πνευμάτων
509 4408 721 4489 ἐλευθερῶ,
752 4413 809 4473 sed
842 4413 919 4485 quid
947 4414 1010 4472 sibi
1035 4414 1115 4473 velit
1138 4422 1297 4489 πνευματῶ
1321 4410 1374 4488 τὴν
1397 4409 1523 4490 γαστέρα

246 4508 277 4576 (i.
302 4523 330 4567 e.
355 4511 391 4568 ut
422 4510 658 4573 inventum
684 4516 838 4573 mutem
864 4517 1106 4588 ventremb,
1133 4519 1289 4587 quaeest
1312 4515 1417 4575 altera
1441 4516 1522 4575 eius·

244 4609 317 4669 dem
342 4611 501 4687 suspicio,
527 4630 662 4686 prorsus
686 4631 739 4675 me
764 4615 856 4675 latet.

200 4712 250 4771 Fr.
276 4713 305 4786 2,
332 4715 357 4772 1.
394 4713 524 4789 optime
559 4716 606 4777 Bi.
638 4716 763 4792 κινήσας
795 4734 852 4791 pro
883 4727 968 4799 κινῇς
999 4715 1057 4776 καὶ.
1094 4719 1242 4779 Alteram
1275 4719 1420 4780 eiusdem
1450 4734 1521 4779 con-

243 4815 402 4874 iecturam
426 4817 607 4890 pessimam
632 4819 774 4892 prudens
798 4819 929 4878 reticeo.

200 4915 251 4974 Fr.
276 4915 306 4990 3,
332 4917 362 4975 3.
389 4915 443 4977 Vs.
469 4919 614 4978 nondum
638 4922 787 4979 sanatus.
