3502 5512
800 393 862 452 197

214 577 415 651 iungendum
436 591 508 636 cum
531 572 713 653 ἐπηρώτησε,
740 582 776 638 ut
796 578 841 638 sit
867 578 954 639 alta
982 595 1097 656 voce,
1122 581 1208 640 sicut
1232 581 1264 639 in
1289 576 1361 657 μέγα
1385 576 1493 658 λέγειν,

214 680 303 755 βοᾶν,
330 677 491 748 ονενάζειν,
513 679 678 741 similibus
703 679 844 739 multis?
866 680 935 740 Hoc
955 682 1065 755 petius
1085 682 1288 742 crediderim.
1304 717 1343 725 -
1361 682 1415 742 Vs.
1440 685 1489 744 10.

215 778 294 839 ἔστι
329 778 509 837 κατάλοιπον
544 781 613 840 cod.
651 784 689 851 A]
723 778 779 839 ἔτι
815 781 958 855 Dobree,
991 782 1098 856 Kock;
1131 781 1209 841 ἔστιν
1240 781 1280 842 ἔτι
1312 783 1417 843 λοιπόν
1441 784 1490 844 Β1.

216 881 341 940 Addere
372 880 496 955 possim
528 876 569 939 ἔτ’
596 872 642 958 ἧν
665 881 859 956 κατάλοιπον,
890 898 974 956 quae
997 883 1267 958 frequentissima
1290 888 1342 945 est
1365 885 1491 945 dicendi

216 983 309 1042 ratio.
331 1015 372 1022 --
389 980 444 1041 Vs.
473 983 522 1056 12,
548 984 586 1042 19
607 988 640 1043 et
659 986 702 1044 46
722 984 870 1044 recteBl.
891 984 1036 1044 defendit
1055 1001 1075 1044 a
1094 986 1208 1046 Kockii
1228 986 1434 1046 coniecturis.
1453 1019 1484 1027 —

216 1085 270 1144 Vs.
296 1085 347 1144 20.
380 1083 471 1143 Idem
495 1086 530 1144 et
559 1084 719 1145 Headlam
747 1083 930 1161 μανθάνεις;
953 1086 1103 1146 inserunt
1127 1089 1203 1147 ante
1226 1086 1263 1147 od
1288 1086 1435 1164 μανθάνω
1460 1090 1493 1146 et

216 1201 264 1246 vs.
298 1186 338 1244 24
370 1185 418 1244 Bl.
456 1181 546 1263 ἔμοιγε
577 1190 653 1247 anie
691 1186 819 1263 τούτων,
868 1186 1028 1246 Headlam
1071 1203 1148 1248 vero
1191 1205 1266 1248 cum
1302 1188 1492 1248 casaubono

214 1284 373 1363 ἄνθρωπε,
400 1285 465 1346 alia
487 1287 648 1362 Meinelre,
673 1303 732 1349 nec
756 1289 833 1362 quid
857 1304 972 1349 verum
996 1289 1041 1350 sit
1063 1290 1125 1349 dici
1148 1293 1267 1365 potest.
1293 1323 1333 1332 -
1358 1289 1413 1349 Vs.
1439 1292 1491 1354 26.

215 1388 263 1448 Bl.
289 1388 328 1447 de
350 1386 482 1447 λαικάσει
506 1389 561 1449 cft.
586 1390 796 1464 Oepbisederi
820 1391 858 1451 ir.
883 1392 912 1467 3,
939 1393 969 1450 5.

172 1549 325 1616 arettas.
358 1551 533 1626 Perperam
557 1553 606 1614 Bl.
639 1555 793 1612 0101οΣ
824 1554 1052 1628 corrigendum
1076 1557 1181 1629 putat.
1207 1556 1325 1615 Forma
1349 1555 1493 1614 nominis

215 1667 289 1712 cum
314 1652 435 1728 duplici
461 1656 487 1711 T
507 1655 633 1730 passim
656 1656 798 1716 occurrit
820 1656 853 1716 in
877 1655 994 1716 titulis.

174 1811 386 1878 Athenionis
410 1815 448 1875 fr.
477 1818 504 1890 1,
530 1817 559 1876 2.
585 1817 632 1878 Bl.
658 1811 772 1876 πλεῖσθ’
799 1815 873 1887 ὅλως
898 1817 962 1887 (vel
984 1821 1104 1877 πλεῖστα
1128 1817 1176 1892 δὴ)
1199 1818 1395 1896 προενήνοχες
1420 1835 1492 1879 usu·

216 1931 278 1990 que
301 1931 380 1976 sane
405 1917 654 1977 commendatur
678 1918 786 1977 forma
808 1918 927 1978 activa.
946 1952 986 1960 -
1007 1917 1062 1978 Vs.
1087 1920 1126 1978 16
1150 1921 1184 1978 et
1203 1935 1251 1979 vs.
1266 1921 1306 1979 26
1328 1916 1375 1978 ἐπὶ
1394 1921 1493 1993 μεῖζον

216 2032 274 2091 pro
297 2014 344 2075 ἐπὶ
367 2021 469 2076 πλεῖον
493 2019 630 2091 requirit
653 2019 753 2094 idem,
778 2016 825 2077 ἐπὶ
848 2013 956 2077 πλείον’
983 2019 1096 2080 Nauck
1114 2021 1172 2079 vix
1191 2023 1297 2094 recte;
1318 2021 1493 2095 legendum

219 2119 346 2178 videtur
366 2115 413 2177 ἐπὶ
432 2116 523 2178 πλέον
540 2110 665 2196 (ηὖξον).
677 2153 713 2164 -
726 2120 782 2180 νε.
797 2122 849 2180 22.
871 2120 1021 2180 Praefero
1033 2121 1152 2180 Naberi
1165 2122 1402 2182 correctionem
1415 2143 1493 2200 μεγε-

220 2215 354 2293 νημὲνων
373 2219 560 2279 Kockianae
578 2217 693 2296 ἔράνων
712 2220 822 2297 μόνοιν.
839 2255 876 2263 -
891 2220 946 2282 VS.
968 2222 1021 2281 30.
1046 2217 1234 2300 δεεμίγγραν,
1247 2223 1319 2283 0011.
1332 2221 1493 2301 μομμρανού

220 2320 369 2381 Axionici
400 2320 438 2380 ir.
464 2323 493 2395 3,
520 2322 549 2397 3,
582 2322 652 2383 iure
683 2323 743 2399 Bl.,
782 2323 836 2396 qui
864 2320 1056 2399 ὑποκρούσας
1091 2323 1329 2398 interpretatus
1363 2323 1495 2396 πατάξας

218 2422 299 2489 (coll.
322 2423 449 2482 Alexid.
475 2424 633 2508 σιλφίῳ-
649 2424 779 2496 πατάξας
805 2425 856 2495 [1])
879 2427 983 2501 γλυκεῖ
1003 2424 1165 2487 Violenter
1183 2427 1292 2485 mutat
1310 2426 1341 2484 in
1363 2422 1423 2498 dii,
1442 2427 1493 2485 cui

218 2528 386 2599 praeterea
409 2526 598 2585 consuetius
618 2522 686 2585 ἁλσί
708 2526 914 2602 praetuleris,
941 2529 1028 2586 recte
1053 2529 1164 2586 autem
1188 2526 1278 2586 Koclr
1301 2531 1404 2604 νλνκεῑ
1422 2526 1494 2611 οἴνῳ

218 2625 398 2697 intellexit;
412 2623 607 2702 ὑποκρούειν,
619 2628 648 2686 si
660 2642 776 2686 sanum
786 2673 794 2701 ‚
804 2629 855 2685 est
867 2628 1015 2700 ignotum
1028 2627 1122 2687 nobis
1135 2627 1271 2687 verbum
1284 2627 1493 2703 culinarium,

218 2729 274 2787 sed
306 2729 416 2802 potius
445 2727 641 2786 mendosum
677 2728 813 2787 videtur.
840 2761 878 2770 -
904 2727 959 2787 Vs.
984 2729 1037 2788 32.
1068 2726 1263 2798 πουλύποδας
1291 2727 1395 2803 Koclr,
1420 2729 1492 2789 coll.

218 2829 406 2889 Anaxandr.
431 2829 469 2888 ir.
494 2829 554 2903 30,
579 2829 752 2889 substituit
774 2844 832 2903 pro
851 2827 1022 2902 πολυτελές,
1044 2829 1100 2888 sed
1121 2833 1251 2904 propter
1272 2829 1379 2889 vicina
1402 2844 1493 2889 voca-

218 2932 293 2991 bula
327 2946 402 2990 cum
437 2930 484 2990 Bi.
516 2929 632 2990 malim
666 2931 854 2990 πουλύποδα.
882 2965 920 2974 -
945 2931 1001 2990 Vs.
1026 2932 1079 2991 42.
1116 2931 1178 2991 Pro
1211 2928 1377 2989 ὑπακούειν
1411 2931 1494 2990 bene

218 3032 378 3092 Headlam
409 3031 542 3107 corrigit
567 3028 740 3105 ἐπακούειν,
763 3032 821 3091 sed
849 3033 924 3105 quia
952 3032 1012 3092 hoc
1036 3032 1173 3092 verbum
1197 3033 1387 3105 genetivum
1411 3034 1495 3106 regit

217 3134 332 3192 eadem
366 3148 464 3208 opera
498 3132 639 3193 scribere
670 3133 826 3193 debuerat
856 3129 941 3208 ἡμῶν
971 3149 1029 3207 pre
1055 3128 1136 3209 ἡμῖν.
1161 3167 1200 3174 -
1226 3133 1281 3193 νε.
1306 3137 1358 3194 44.
1383 3135 1494 3207 Neque

219 3235 354 3294 lacobsii
378 3235 564 3295 coniectura
587 3232 673 3307 ἀφεὶς
694 3250 798 3308 neque
818 3234 962 3295 Coreesii
974 3232 994 3292 d
1006 3256 1066 3311 φης
1086 3234 1254 3309 (probante
1267 3235 1327 3304 Bl.)
1347 3250 1404 3309 pre
1420 3231 1494 3309 ἀφὲς

217 3335 366 3395 sulficere
391 3336 528 3395 videtur.
553 3336 767 3396 Probablilter
790 3337 909 3395 Naber:
937 3331 1009 3412 ὑπὲρ
1030 3334 1180 3412 εὐσεβείας
1200 3326 1256 3395 οὖν
1280 3336 1405 3405 (malim
1427 3343 1493 3405 νῦν)

218 3435 309 3506 ἅλις·
333 3444 447 3494 παῦσαι
471 3434 576 3514 λέγων.
601 3435 735 3513 ἥμαρτον
760 3434 817 3495 κτὲ.

176 3596 371 3662 Alexandri
406 3600 517 3660 fabula
553 3601 810 3659 TlTiFONiON.
847 3600 892 3659 De
928 3600 1055 3659 ultimis
1090 3600 1205 3659 Kockii
1241 3600 1348 3659 verbis
1383 3599 1494 3659 Nauck

219 3703 332 3760 monet
356 3701 387 3760 in
412 3702 517 3761 indice
540 3702 739 3762 Aristoteleo
763 3701 826 3776 legi
851 3700 1106 3780 κενεογόννον.

176 3849 379 3916 llexicratls
401 3851 440 3911 fr.

485 3952 512 4011 εἰ
534 3949 566 4012 δὲ
588 3953 694 4030 μεθύω
718 3950 767 4012 καὶ
792 3954 878 4031 χίονα
900 3951 978 4012 πίνω
1001 3951 1052 4010 καὶ
1076 3953 1172 4029 μύρον

485 4048 616 4131 ἐπίσταμ’
643 4053 697 4114 ὅτι
721 4054 878 4131 κράτιστον
906 4053 1055 4132 Αἴγυπτος
1079 4058 1151 4112 ποεῖ
1172 4087 1211 4096 -

218 4158 339 4216 Deesse
370 4156 526 4230 apoduein
559 4156 796 4216 animadvertit
826 4155 929 4229 Keck,
962 4157 1019 4216 sed
1050 4156 1212 4229 corrigere
1236 4155 1392 4228 debuerat
1416 4153 1431 4211 ὅ
1454 4176 1485 4211 ιι

220 4259 342 4317 Sensus
392 4258 497 4316 enim:
544 4260 584 4317 et
624 4273 700 4317 usu
743 4258 841 4317 novi
877 4258 1070 4331 quidquid
1106 4257 1257 4331 optimi
1291 4256 1495 4329 unguenti

219 4360 416 4434 producit
449 4360 680 4434 Aegyptus.
718 4359 805 4419 Nihil
836 4374 917 4434 opus
949 4360 1091 4420 violenta
1120 4359 1285 4432 Blaydesii
1309 4357 1497 4418 coniectura

219 4460 303 4543 νύον
325 4454 329 4540 1
350 4454 493 4536 avelim·

177 4624 357 4689 bemonru
383 4624 422 4683 fr.
450 4626 476 4698 1,
503 4624 532 4683 3.
565 4623 689 4682 Iniuria
713 4621 760 4682 Bl.
792 4623 896 4697 carpit
920 4620 1091 4696 (lebetum,
1125 4621 1208 4694 quod
1232 4619 1316 4690 εἴπας
1339 4635 1402 4680 uon
1427 4634 1494 4678 mu·

218 4727 296 4786 tarit
320 4727 353 4786 in
377 4725 477 4784 εἰπών.
502 4726 706 4800 Quantopere
730 4725 799 4800 ipse
820 4726 906 4784 erret
929 4723 1052 4784 videbit
1071 4723 1216 4796 inspecto
1235 4721 1356 4781 lacobii
1376 4720 1494 4779 Indice.

221 4829 309 4888 Scire
334 4843 363 4886 v.
388 4843 414 4887 c.
441 4827 539 4885 velim
563 4827 639 4900 quid
663 4826 763 4886 faciat
797 4839 876 4885 mea
900 4823 1056 4899 Euangeli
1079 4823 1117 4883 fr.
1145 4826 1172 4898 1,
1197 4825 1211 4881 1
1234 4823 1342 4882 verbis
1363 4814 1430 4880 εἶπά
1449 4836 1496 4879 σοι

219 4930 253 4989 in
275 4928 339 4989 lius
362 4928 521 4989 octonarii
545 4927 713 4987 trochaici.
