3502 5512
870 344 931 402 174

283 520 409 602 χρησμοὶ
438 532 498 582 τῶν
521 517 706 600 Ἑλληνικῶν
736 531 818 585 θεῶν
842 542 892 603 ap.
924 527 1083 601 Buresch‚
1117 525 1271 586 Klaros
1294 540 1324 600 p.
1348 524 1421 584 125.
1450 521 1500 581 Bi.
1523 518 1562 579 οὔ

284 622 400 701 πρέπον
423 625 476 684 vel
499 624 536 684 οὐ
560 622 637 684 δέον.
745 677 751 689 ,

240 729 291 787 Fr.
316 728 391 787 676.
416 727 456 786 H.
480 727 501 786 l.
527 729 690 802 respicere
715 729 800 790 Plut.
824 731 864 790 de
888 730 942 790 lib.
967 730 1058 790 educ.
1083 744 1153 803 cap.
1179 729 1198 789 8
1223 730 1337 787 monet
1358 724 1482 786 Nauck.

241 829 292 888 Fr.
317 831 393 903 678,
421 830 448 889 1.
480 819 513 888 εὖ
536 829 602 888 ἴσθι
632 845 690 906 pro
720 829 778 889 ἔστι
802 833 873 892 sine
896 847 997 892 sensu
1021 831 1069 891 Bi.
1094 831 1186 891 Idem
1206 830 1283 903 679,
1303 830 1322 888 2
1346 826 1466 903 triplici
1486 839 1561 884 con·

284 933 409 990 iectura
428 934 528 991 vexat
550 937 676 993 certam
700 932 816 993 Clerici
839 934 1116 995 emendationem.

240 1035 290 1092 Fr.
316 1033 390 1092 681.
422 1034 556 1107 Propter
585 1028 672 1110 οἶμον
703 1037 755 1096 iric
786 1037 876 1096 locus
908 1035 1083 1097 Menandro
1115 1033 1355 1094 abiudicandus
1377 1033 1412 1091 et
1434 1032 1563 1103 tragico

284 1135 425 1207 cuipiam
468 1134 660 1196 tribuendus
695 1137 833 1197 videtur.
877 1138 1016 1197 Prorsus
1050 1137 1138 1195 enirn
1175 1133 1399 1209 improbabilis
1433 1131 1565 1190 videtur

284 1236 449 1308 Blaydesii
480 1237 670 1297 coniectura
700 1237 741 1309 εἰς
773 1235 845 1297 ὁδὸν
876 1238 1048 1314 πορεύεται,
1076 1237 1161 1310 quod
1191 1249 1291 1296 nemo
1313 1236 1361 1294 sic
1384 1234 1562 1293 mutasset.

284 1337 367 1397 Cum
391 1338 639 1398 Schneidewino
662 1341 792 1414 requiro
817 1338 1023 1416 ἐμπορεύεται.

239 1441 291 1498 Fr.
318 1440 394 1508 682,
419 1440 449 1498 2.
476 1435 525 1514 ἀφ’
552 1438 662 1500 ἑαυτοῦ
686 1442 735 1501 Bi.
761 1442 949 1517 Perperam.

240 1543 290 1601 Fr.
315 1543 391 1602 683.
426 1541 472 1601 De
506 1542 742 1619 περιβεβλῆσθαι
777 1545 890 1605 Nauck
929 1545 984 1604 cit.
1016 1543 1145 1603 Aeliani
1177 1542 1216 1602 fr.
1250 1544 1289 1601 71
1319 1557 1349 1617 p.
1383 1541 1493 1600 2211
1530 1542 1565 1598 et

284 1645 455 1703 Libanium
479 1643 512 1701 in
536 1643 684 1705 Boisson.
710 1647 832 1706 Anccd.
857 1663 887 1721 p.
913 1648 973 1706 166
998 1650 1032 1705 et
1054 1645 1216 1705 Basilium
1240 1645 1280 1704 de
1302 1644 1449 1718 legendis
1467 1642 1564 1702 libris

284 1745 397 1820 gentil.
429 1744 493 1804 vol.
519 1746 550 1804 ΙΙ
573 1762 603 1819 p.
632 1748 703 1806 176.
735 1747 851 1822 Gara,
880 1763 939 1821 pro
961 1746 1119 1825 πράγματα
1143 1762 1218 1807 cum
1242 1745 1368 1805 Kockio
1390 1744 1564 1818 requirens

283 1847 445 1924 γράμματα.
471 1847 632 1920 Perquam
658 1848 773 1907 infelix
797 1849 894 1908 buius
918 1849 1106 1907 coniectura
1129 1850 1181 1906 est
1204 1847 1432 1924 περιβεβῡσθαι.

241 1950 292 2009 Fr.
317 1949 391 2009 686.
416 1949 465 2008 Ad
490 1948 735 2021 Sicyonium
761 1950 861 2008 refert
885 1950 1011 2022 Nauck,
1038 1948 1111 2009 coll.
1137 1949 1176 2008 ir.
1201 1950 1276 2008 442.

240 2052 291 2110 Fr.
317 2051 392 2111 686.
424 2050 516 2109 Idem
548 2051 580 2109 in
605 2050 723 2113 Koclrii
746 2054 825 2110 nota
847 2050 897 2109 bis
921 2051 1053 2124 corrigit
1078 2050 1146 2109 cod.
1170 2049 1449 2109 Wolienbutt.
1472 2047 1565 2106 Vin-

284 2151 369 2211 dob.
395 2166 453 2227 pro
475 2150 585 2210 Wolff.
611 2151 725 2210 Vind.

241 2253 292 2312 Fr.
316 2254 392 2327 687,
418 2253 447 2311 2.
480 2252 542 2311 Pro
573 2243 660 2322 οὗτος
690 2250 816 2328 εὐσεβής
849 2252 955 2327 Kock,
988 2252 1146 2326 probante
1169 2254 1233 2328 Bi,
1263 2253 1401 2313 coniecit
1426 2249 1483 2310 cdx
1506 2243 1561 2309 ἔστ’

285 2352 419 2431 εὐσεβής·
454 2354 498 2413 At
528 2354 653 2427 quidni,
686 2368 727 2413 no
758 2353 870 2413 littera
900 2355 1032 2428 quidem
1067 2358 1211 2431 mutata,
1242 2355 1442 2415 scribamus:
1474 2343 1565 2422 οὗιος

285 2453 426 2531 socelli&
449 2470 543 2514 num
567 2456 633 2515 hic
657 2456 752 2529 pius
776 2458 862 2516 est?
887 2460 922 2516 ut
946 2457 1110 2530 quondam
1135 2458 1273 2516 monui?

241 2558 291 2616 Fr.
316 2557 392 2629 689,
421 2558 448 2615 1.
480 2564 651 2634 πανοῦργος
682 2557 809 2632 Nauck,
838 2573 936 2631 quem
962 2558 1026 2617 vid.
1051 2557 1123 2617 liei.
1146 2558 1190 2617 Vi
1214 2575 1243 2632 p.
1272 2559 1343 2617 123.
1362 2551 1565 2615 Ὑπεισελθών

285 2659 314 2716 si
337 2660 425 2717 recte
448 2658 585 2717 damnat
607 2657 668 2736 Bl.‚
692 2673 757 2717 non
780 2658 863 2717 latet
886 2658 1006 2718 saltem
1030 2658 1113 2730 quod
1139 2660 1277 2718 coniecit
1300 2655 1455 2731 ἕνδοθελς,
1476 2657 1565 2731 quod

286 2756 418 2818 intimae
448 2759 640 2831 graecitatis
663 2762 715 2818 est
745 2774 803 2832 pro
823 2756 920 2829 ἐνδύς.
941 2760 1055 2818 Potius
1075 2761 1273 2834 conicerem‚
1297 2761 1360 2819 nisi
1384 2774 1438 2819 mo
1461 2759 1566 2818 deter-

286 2862 373 2918 reret
408 2859 603 2919 mutationis
641 2860 792 2919 audacia:
828 2871 926 2941 πρᾷον
964 2867 1131 2937 κακοῦργος
1165 2868 1262 2936 σχῆμα
1296 2858 1565 2938 περιβληθεὶς

286 2957 383 3036 ἀνήρ
415 2964 473 3019 aut
502 2958 856 3038 περιβεβλημένος,
880 2961 953 3022 coll.
978 2961 1062 3019 Xon.
1087 2962 1204 3021 Oecon.
1229 2962 1303 3021 114
1329 2960 1360 3020 rb
1383 2959 1439 3019 σὸν
1463 2969 1564 3038 σχῆμα

285 3056 302 3119 ὃ
326 3060 363 3120 σὺ
386 3059 608 3138 περιβέβλησαι.

240 3163 291 3221 Fr.
317 3163 391 3236 691,
419 3164 445 3221 1.
471 3163 608 3222 Temere
631 3163 709 3222 olim
734 3163 920 3224 tentabam:
945 3157 1068 3239 οἶσθας,
1091 3160 1272 3241 ἐξελέγχεται.
1297 3163 1342 3224 Cf.
1369 3165 1444 3240 691,
1470 3166 1500 3224 3.

242 3265 292 3323 Fr.
319 3265 393 3338 693,
420 3266 449 3323 2.
474 3261 697 3337 ἐπιπονοιέραν
727 3265 847 3324 melius
870 3282 969 3339 quam
993 3263 1188 3339 ἐντονώτερον
1211 3267 1352 3326 coniecit
1371 3267 1452 3326 Ellis
1477 3267 1565 3343 apud

285 3366 333 3424 Bi.
347 3366 419 3425 coll.
433 3366 470 3425 ir.
486 3366 561 3439 676,
579 3367 607 3437 1;
629 3380 693 3425 non
714 3370 802 3426 recte
823 3382 882 3440 ogo
895 3364 1140 3442 ἐπιφθονώτερον
1153 3381 1228 3427 cum
1241 3369 1360 3428 vitioso
1371 3371 1565 3440 anapaesta.

241 3467 292 3525 Fr.
317 3468 392 3526 694.
418 3468 447 3524 2.
472 3465 604 3548 κριθήσῃ
628 3469 716 3526 recto
741 3467 864 3527 Nauck.

240 3568 291 3627 Fr.
316 3569 379 3628 697
415 3567 479 3641 legi
513 3567 613 3626 etiam
650 3568 735 3640 apud
771 3568 963 3642 Gregorium
1000 3568 1077 3627 Naz.
1115 3567 1166 3627 vel
1197 3569 1227 3626 ΙΙ
1254 3585 1283 3642 p.
1317 3567 1418 3629 2100
1449 3565 1566 3633 docuit

285 3668 412 3741 Nauck,
436 3668 491 3739 qui
516 3683 564 3726 vs.
591 3669 609 3725 2
635 3668 775 3727 coniecit
799 3668 980 3745 δυστυχῆσαι
1004 3667 1137 3743 νόμισον.

241 3770 292 3827 Fr.
317 3770 392 3842 698,
422 3773 448 3827 i.
482 3772 542 3826 Δᾶε
566 3784 623 3842 pro
648 3768 736 3826 δοῦλε
768 3785 832 3828 non
863 3770 951 3828 maie
974 3769 1037 3843 Bt,
1071 3770 1098 3827 si
1124 3769 1291 3828 Menandri
1314 3770 1462 3844 eclogam
1488 3786 1565 3832 asse

283 3873 462 3942 constaret,
498 3870 555 3928 sed
590 3870 653 3929 seri
689 3872 846 3942 poetastri
882 3870 1042 3929 eiusmodi
1082 3870 1368 3931 adnominationes
1398 3875 1565 3933 venantur

285 3972 514 4045 potiusquam
542 3971 658 4029 vitant.

240 4073 291 4132 Fr.
317 4073 392 4145 760,
416 4072 499 4144 quod
532 4071 707 4131 blenandro
731 4071 945 4145 abjudicatur,
979 4071 1053 4143 quid
1081 4069 1142 4128 sibi
1167 4070 1248 4129 velit
1270 4070 1366 4145 plane
1391 4087 1444 4132 me
1466 4073 1563 4135 latet.

285 4173 434 4232 Absurde
466 4172 554 4231 enim
584 4172 702 4230 dicitur
733 4172 800 4230 lex
833 4171 1062 4230 observata
1093 4170 1201 4229 nihil
1234 4186 1328 4230 esse
1359 4173 1445 4232 nisi
1476 4174 1562 4250 lex,

285 4290 363 4334 non
407 4274 629 4333 observata
672 4275 712 4331 et
753 4273 821 4331 lex
864 4275 904 4331 et
946 4271 1149 4331 carniierr.
1186 4271 1416 4346 Intellegerem
1451 4276 1563 4348 potius

283 4376 392 4448 ipsum
427 4373 645 4434 contrarium:
677 4374 706 4432 si
737 4373 824 4432 enim
855 4388 919 4432 non
952 4373 1154 4446 observatur,
1186 4386 1279 4430 mera
1303 4372 1403 4433 verba
1425 4379 1506 4435 sunt
1528 4381 1565 4438 et

284 4491 396 4547 voces;
432 4476 483 4534 sin
519 4474 713 4534 observatur
748 4476 782 4532 et
814 4487 889 4532 vere
920 4474 974 4531 lex
997 4475 1049 4531 est
1072 4475 1106 4530 et
1129 4473 1223 4546 punit
1245 4471 1423 4533 maleficos.
1456 4474 1563 4549 Quare

284 4581 475 4650 transpone:

509 4674 598 4750 νόμος
622 4672 788 4750 φυλαχθεὶς
813 4672 875 4731 καὶ
900 4673 1018 4748 νόμος
1042 4670 1106 4729 καὶ
1130 4671 1286 4746 δήμιος,

507 4772 644 4855 ὁ(κοὶῖ))
669 4774 709 4851 μὴ
734 4773 900 4851 φυλαχθεὶς
925 4771 1043 4832 οὐδέν
1067 4770 1174 4830 ἐστιν
1199 4768 1216 4848 ἲ]
1241 4772 1368 4848 νόμος.

284 4880 364 4954 Quid
401 4880 463 4938 sibi
500 4878 578 4937 velit
613 4874 653 4953 χώ
686 4876 792 4950 δήμιος
817 4876 888 4943 (Bi.)
920 4876 990 4948 ipse
1021 4874 1148 4932 viderit.
1179 4873 1242 4930 Vix
1266 4879 1377 4933 autem
1404 4889 1486 4949 opus
1510 4880 1563 4936 est
