3502 5512
966 346 1006 405 12

324 529 376 589 Fr.
400 531 476 590 444.
501 530 604 609 σιιίρσν
627 535 716 593 recte
739 533 788 592 Bl.

324 630 375 690 Fr.
400 632 475 691 448.
495 633 642 706 Κρατῖνος
660 634 813 695 Meinekii
832 635 1056 696 coniecturam
1076 650 1150 697 esse
1168 635 1226 713 πρὸ
1245 634 1332 707 ὶπνός
1352 638 1386 696 et
1405 634 1515 709 potius
1530 631 1641 706 stepo.

367 732 445 806 Byz.
469 750 499 808 p.
525 734 600 808 599,
628 736 667 796 17
692 750 719 796 s.
744 752 775 796 v.
798 740 931 811 ταμιεῖον
956 737 1125 798 citandum
1149 737 1252 799 fuisse
1271 737 1402 798 monuit
1423 733 1546 796 Nauck.

411 833 520 895 Habet
541 837 670 897 lexicon
694 837 906 900 Sabbaticnm
929 855 961 915 p.
985 841 1072 915 4,13
1097 836 1318 913 ἀψευδέστατος
1336 838 1449 916 μάντις.
1469 837 1615 912 Κρατῖνος

611 985 713 1012 ow
736 938 788 999 τὸν
811 939 887 1000 θεὸν
910 935 939 1000 δ’
966 939 1040 1017 ἐμοῦ
1063 942 1164 1002 κλύων
1187 939 1255 1020 σέβε

612 1037 652 1111 ὡς
675 1037 747 1099 ὄντα
763 1040 968 1107 <ττοίντων1>
995 1041 1102 1119 μάντιν
1126 1039 1357 1117 ἀψευδέστατον.

367 1139 429 1200 Sed
458 1142 570 1215 procul
600 1141 699 1203 dubio
729 1158 794 1203 non
825 1147 914 1205 recte
944 1145 1025 1206 haec
1053 1145 1244 1206 tribuuntur
1267 1143 1411 1205 Cratino.
1435 1141 1482 1205 ci.
1505 1141 1580 1202 Eur.
1603 1139 1643 1200 fr.

369 1242 455 1301 1110
477 1235 572 1318 ch²,
595 1243 650 1303 ubi
673 1244 770 1305 Blass
793 1251 827 1306 et
848 1246 962 1308 Nauck
985 1248 1132 1322 cogitant
1155 1249 1195 1309 de
1219 1247 1415 1309 Archilocho
1436 1247 1579 1306 auctore.
1600 1275 1640 1285 —

365 1344 498 1418 Legitur
520 1345 554 1404 in
578 1345 691 1407 eodem
718 1346 824 1408 lexico
847 1364 878 1423 p.
905 1350 933 1424 1,
962 1350 1000 1409 12
1025 1348 1191 1426 αὐτόνομοι
1204 1350 1250 1420 (l).
1276 1350 1433 1427 Κρατῖνος.

409 1444 479 1505 Duo
513 1460 600 1507 nova
628 1447 817 1521 fragmenta
846 1448 1000 1511 Gratinea
1031 1451 1167 1525 protulit
1196 1451 1231 1511 L.
1256 1449 1347 1511 Oolrn
1374 1450 1408 1509 ln
1432 1449 1514 1509 llus.
1537 1447 1642 1507 Rben.

366 1546 429 1606 vol.
454 1548 507 1622 43,
532 1564 562 1622 p.
587 1550 775 1611 413-418.

319 1745 435 1814 Gratis
458 1749 498 1811 dr.
526 1753 553 1811 l.
585 1752 686 1813 Recte
713 1754 877 1815 iudicasse
909 1755 1038 1817 videtur
1060 1757 1181 1833 Berglr,
1214 1772 1274 1818 nec
1297 1753 1504 1816 admittenda
1526 1751 1644 1813 Koclrii

364 1851 561 1913 coniectura.
593 1853 639 1915 uf.
665 1856 767 1916 etiam
790 1857 856 1931 Bl.,
888 1858 944 1931 qui
967 1858 1005 1918 fr.
1032 1860 1052 1918 5
1082 1860 1152 1919 iure
1182 1858 1332 1934 postulat
1358 1854 1550 1933 tozvialldau,
1571 1867 1642 1928 pro·

363 1955 437 2028 pter
471 1953 615 2015 Pollucis
651 1955 751 2017 verba
784 1957 877 2033 δῆλον
913 1956 958 2017 ὅτι
990 1960 1095 2037 λυχνία
1131 1960 1296 2037 (luxuriat)
1339 1958 1470 2035 εἴρηκεν,
1504 1949 1564 2016 ἀλλ’
1603 1951 1641 2014 οὗ

363 2054 493 2131 λύχνους
516 2056 641 2132 μικρούς
665 2057 858 2134 (Ξίύχνια).

318 2155 370 2214 Fr.
395 2157 426 2216 6.
450 2156 702 2236 καροαμσγλύιρος
725 2161 950 2235 reponendum
974 2164 1070 2236 putat
1092 2163 1140 2222 Bl.
1166 2161 1295 2223 Dubito.

318 2256 369 2317 Fr.
396 2258 426 2317 7.
450 2257 485 2318 L.
520 2263 711 2335 πεπσυσμεῑν
745 2276 804 2336 pro
838 2267 1011 2339 πεσσομεῑν,
1044 2264 1108 2323 nisi
1141 2264 1228 2324 forte
1261 2263 1374 2338 glossa
1409 2262 1513 2336 petita
1541 2263 1594 2321 ost
1623 2275 1641 2320 e

361 2359 498 2432 parodia
517 2360 654 2435 tragica.

318 2459 369 2519 Fr.
393 2459 414 2518 8
440 2461 497 2519 vix
518 2462 676 2522 sanabile.
700 2463 788 2524 More
812 2479 872 2525 suo
895 2466 1004 2526 tentat
1027 2465 1189 2539 quaedam
1213 2466 1262 2526 Bl.

317 2558 370 2619 Fr.
394 2562 424 2635 9,
450 2562 480 2621 2.
518 2562 606 2622 Olim
641 2564 765 2624 conieci
800 2562 920 2640 ἀθάρης
955 2559 988 2632 τ’.
1019 2567 1078 2626 sed
1107 2569 1196 2626 recte
1226 2582 1263 2626 se
1294 2566 1393 2625 babet
1423 2564 1561 2639 vulgata
1588 2569 1641 2638 τῆς

360 2656 495 2738 ἀθάρης,
517 2664 573 2737 qni
595 2666 648 2724 est
669 2666 845 2738 genetivus
868 2667 1055 2741 partitivus.

317 2761 369 2822 Fr.
397 2763 447 2822 10.
482 2761 534 2821 τὸν
568 2759 665 2842 αὐχέν’
714 2763 753 2825 ἐκ
784 2775 852 2844 γῆς
883 2765 992 2838 ἀνεκὰς
1004 2767 1046 2838 εἰς
1070 2767 1181 2839 αὐτοὺς
1204 2765 1330 2847 βλέπων.
1360 2768 1448 2827 Nihil
1472 2767 1642 2826 lucramur

361 2863 527 2937 Blaydesii
558 2867 641 2926 coni.
673 2864 823 2942 στρέφων,
854 2883 919 2928 non
950 2868 1040 2929 enim
1070 2869 1179 2942 magis
1210 2870 1258 2929 sic
1287 2869 1491 2942 intellegitur
1516 2863 1549 2926 ἐιι
1571 2872 1642 2943 γῆς,

361 2980 445 3038 quae
469 2969 521 3025 est
544 2967 618 3027 vitii
640 2969 748 3029 sedes.
773 2969 811 3028 In
835 2972 990 3045 promptu
1010 2972 1063 3029 est
1085 2969 1216 3029 sincera
1239 2970 1336 3029 lectio
1359 2967 1469 3039 ἕξεις.

316 3065 367 3124 Fr.
395 3067 445 3126 13.
473 3065 652 3129 Verissime
675 3070 724 3130 Bl.
749 3069 835 3146 dunt
858 3086 916 3145 pro
939 3069 1035 3149 ῥιπίδι
1058 3073 1092 3130 ο1
1116 3075 1232 3145 poetae
1255 3072 1289 3129 et
1311 3068 1436 3128 Polluci
1460 3066 1611 3128 reddidit.

315 3165 366 3226 Fr.
394 3169 444 3243 14,
469 3170 499 3228 5.
532 3167 616 3230 (ium
646 3172 761 3231 eodem
793 3171 865 3245 lege
895 3174 971 3251 καλῇ
995 3193 1037 3240 τις
1061 3170 1113 3230 vel
1137 3175 1260 3245 καλῆται
1283 3184 1341 3245 pro
1364 3173 1440 3251 καλχ
1463 3167 1498 3226 τί.
1521 3167 1642 3228 Trans-

358 3268 545 3341 ponendum
578 3285 652 3331 esse
684 3288 732 3331 vs.
762 3276 774 3332 l
802 3275 880 3331 ante
903 3274 922 3332 6
947 3272 1028 3332 olim
1051 3272 1190 3345 conieci,
1215 3270 1319 3331 latere
1341 3272 1454 3330 autem
1478 3268 1540 3329 sub
1564 3267 1642 3343 αὕτη

359 3367 635 3446 instrumentum,
660 3373 756 3446 quale
779 3375 832 3433 est
854 3372 973 3448 ψυκτήρ
997 3372 1051 3433 vel
1073 3371 1200 3446 κρατήρ.
1218 3370 1291 3431 οο11.
1310 3369 1412 3430 schol.
1434 3367 1642 3430 Ρ1ο1.Οοοτ.

360 3470 461 3530 213F
491 3475 525 3532 et
556 3472 666 3533 Indice
696 3473 820 3534 Iacobii
849 3488 877 3532 e.
901 3488 932 3533 v.
956 3471 1085 3547 ψυκτήρ.
1118 3472 1181 3532 Sed
1211 3471 1398 3531 conservari
1427 3470 1549 3544 poterit
1572 3468 1642 3529 vul·

357 3571 447 3643 garis
477 3573 569 3649 ordo,
594 3575 623 3633 si
646 3589 723 3634 curn
747 3573 959 3647 Hendlamio,
985 3573 1059 3633 coll.
1084 3573 1280 3632 Pherecrate
1303 3574 1356 3645 45,
1381 3586 1439 3645 pro
1464 3570 1541 3646 αὕτη
1565 3570 1642 3630 scri·

358 3672 465 3744 pseris
500 3672 638 3747 δεῖπνον,
672 3677 731 3735 aut
765 3674 852 3750 κλίνη
887 3688 963 3732 cum
997 3673 1046 3732 Bl.
1073 3703 1113 3716 -·-
1138 3672 1194 3730 VS.
1230 3673 1269 3730 10
1306 3668 1452 3745 ἀλείφων,
1482 3686 1529 3732 ec.
1553 3669 1643 3753 ἐλαίῳ

359 3772 504 3834 defendit
535 3773 685 3851 Orusiue,
717 3776 774 3835 sed
804 3778 997 3848 suspectum
1028 3775 1144 3834 manet
1173 3774 1207 3832 iu
1238 3772 1373 3845 antiquo
1403 3773 1530 3832 comico
1557 3773 1646 3847 sing.

359 3869 422 3936 ἁλί.
452 3876 538 3948 quod
570 3891 635 3937 non
666 3880 779 3937 tuetur
810 3876 1015 3951 Megarensis
1045 3874 1151 3933 oratio
1174 3872 1245 3932 loco
1268 3872 1463 3945 praesertim
1488 3870 1586 3932 dubio
1610 3873 1644 3931 iu

357 3976 644 4051 Acharnensibus3
688 3992 748 4037 nec
783 3980 897 4037 tamen
932 3971 998 4032 ἁλσὶ
1035 3972 1139 4042 πάσεις
1173 3972 1309 4040 (Flmsl.)
1346 3971 1458 4032 ierunt
1500 3974 1644 4034 numeri.

356 4076 510 4136 Fortasse
534 4078 637 4152 igitur
659 4076 957 4151 obtemperandum
989 4073 1114 4133 Koclrio
1137 4072 1293 4131 scribenti
1317 4072 1472 4142 διαπάσας
1496 4070 1647 4151 ἀλεύροις.

313 4177 363 4236 Fr.
393 4178 441 4237 15.
470 4180 499 4239 7.
536 4179 623 4239 Ante
653 4179 702 4238 Bl.
736 4175 968 4238 commendavi
1004 4173 1153 4251 σφόγγος,
1186 4176 1220 4231 et
1251 4172 1290 4230 fr.
1330 4173 1379 4247 16,
1409 4172 1428 4230 2
1464 4173 1644 4250 περιουσίαν

357 4276 474 4351 (lubet,
499 4280 590 4353 prob.
611 4279 769 4340 Nauckio.

312 4378 363 4437 Fr.
393 4381 441 4452 lb,
468 4384 498 4441 b.
524 4381 625 4442 Recte
649 4377 775 4454 οσῦὀαρ
799 4377 933 4450 corrigit
957 4375 1021 4448 Bl.,
1047 4372 1135 4432 male
1158 4372 1328 4444 requirens
1350 4369 1485 4449 ἀνεχέτα.

311 4480 362 4540 Fr.
391 4482 440 4554 17,
468 4483 497 4542 2.
528 4483 660 4556 Optime
695 4487 761 4539 τοῦ
796 4499 826 4538 τε
856 4475 995 4552 ταρίχους
1026 4474 1114 4533 idem
1145 4486 1203 4546 pro
1234 4472 1342 4546 τούς,
1373 4472 1521 4534 abundat
1552 4477 1645 4536 enim

354 4582 527 4656 articulus,
554 4583 618 4641 nisi
642 4583 687 4642 sit
710 4595 785 4655 gen.
809 4577 996 4652 partitivus.
1022 4573 1069 4632 Of.
1093 4587 1194 4646 supra
1216 4572 1255 4631 fr.
1276 4572 1306 4645 9,
1326 4573 1355 4632 2.
1377 4573 1432 4633 Vs.
1453 4575 1484 4634 4.
1509 4573 1584 4634 οὐδέ
1611 4596 1646 4654 γε

355 4683 464 4761 χορδὰς
488 4685 576 4744 idem
601 4683 724 4757 partim
749 4696 826 4741 cum
850 4676 985 4738 Kockio.

311 4784 362 4844 Fr.
388 4787 440 4848 20.
466 4787 583 4847 Melius
607 4786 656 4845 Bl.
681 4780 846 4860 ὀκτώβσλσί
867 4783 926 4839 aut
949 4772 1025 4835 ὀκτὼ
1048 4770 1159 4853 ὀβολοί.

310 4885 361 4944 Fr.
388 4890 440 4948 23.
464 4888 562 4957 παίζει
582 4881 607 4944 δ’
628 4918 668 4928 -
680 4885 835 4959 φιλοῦσαν)
856 4880 991 4941 revocat
1006 4877 1055 4937 Bl.
1070 4909 1111 4919 -
1124 4875 1202 4948 Pag.
1219 4873 1291 4932 138.
1312 4872 1521 4933 PHTOPGIN
1535 4874 1647 4937 celare
