3502 5512
797 405 837 465 37

201 585 429 660 corrigendum
460 601 533 646 esse
563 587 764 648 tralaticium
795 602 940 648 errorem
970 583 1133 663 κινουμένη
1163 587 1197 646 in
1226 583 1400 664 βινουμένη.
1428 587 1478 646 Ad

200 684 386 762 παχνοκελής
421 686 564 757 (ibidem)
603 688 643 748 ci.
675 691 790 749 notum
823 687 1034 763 proverbium
1064 684 1105 746 νὼ
1140 684 1217 765 (γὰρ)
1250 682 1338 763 σκέλη
1372 691 1478 764 παχεῖα

200 783 308 863 μιυηεὴ
330 788 419 866 γύνη.

244 886 431 964 Anagyri
454 889 614 964 relliquiis
638 892 779 951 accessit
802 906 820 950 e
839 891 945 951 lexico
973 889 1159 949 Sabbaitico
1182 905 1212 964 p.
1241 891 1349 964 17,10
1376 894 1477 968 <iipa-

200 988 406 1067 στοφύνηςῗ)
434 990 583 1075 Ἀναγύρῳ

783 1088 984 1167 ἕκλιμάκιυεν,
1007 1085 1071 1151 ὥστ’
1097 1089 1139 1161 εἰς
1162 1089 1257 1169 μέσην

445 1189 546 1251 ἔπιπτε
568 1191 623 1269 τὴν
646 1192 762 1271 τάφρον

200 1290 270 1366 ubi,
306 1291 378 1353 coll.
410 1293 449 1353 ir.
480 1294 628 1369 41-43,
663 1293 703 1354 de
734 1308 816 1368 equo
851 1294 977 1355 dictum
1009 1307 1083 1353 esse
1111 1293 1306 1370 κλιμακλζιιν,
1335 1293 1477 1355 fortasse

201 1393 442 1468 „aufoadmen”
465 1393 656 1468 significans
679 1395 798 1455 statuit
821 1395 913 1455 Koclr
936 1395 1017 1455 lius
1043 1394 1146 1455 Rhen.
1176 1396 1269 1471 1893,
1289 1410 1320 1470 p.
1345 1396 1420 1456 583.

155 1494 207 1554 Fr.
231 1496 284 1554 66.
309 1495 508 1570 Theopompi
532 1496 570 1556 ir.
595 1497 714 1556 11769
739 1499 772 1557 et
796 1497 872 1571 Lys.
899 1497 961 1556 282
988 1496 1043 1556 cit.
1068 1496 1117 1556 Bl.

155 1593 208 1654 Fr.
234 1595 287 1655 68.
318 1596 403 1670 Apte
432 1595 481 1656 Bl.
512 1597 567 1657 cst.
598 1597 778 1671 Sophronis
806 1597 845 1658 fr.
871 1599 912 1658 51
937 1595 987 1655 cat
1007 1618 1045 1674 γα
1068 1594 1128 1674 μὰν
1151 1596 1255 1676 κόγχαι
1272 1596 1478 1674 -κεχάναντι
1572 1658 1575 1663 Δ

200 1690 273 1771 ύμλν
295 1705 398 1755 πᾶσαι.

155 1796 206 1856 Fr.
232 1798 284 1857 75.
316 1797 398 1872 Quia
431 1795 559 1876 ἕννεύει,
591 1801 629 1860 ut
662 1803 779 1861 monet
807 1800 915 1876 Koek,
946 1814 1109 1874 nusquam
1137 1800 1216 1860 alibi
1240 1800 1325 1874 apud
1348 1800 1478 1859 Atticos

199 1898 354 1973 occurrit,
379 1899 520 1960 fortasse
542 1900 736 1975 legendum:

758 1999 937 2061 ἐπινεύει
961 2022 996 2077 με
1019 2001 1143 2081 φεύγειν
1168 1999 1279 2078 οἴκαδε,

199 2100 220 2161 1.
246 2116 274 2162 e.
298 2101 520 2162 adnuendo
542 2103 774 2177 significat
798 2118 858 2163 me
882 2103 1031 2177 lugere
1054 2102 1228 2163 domum.

156 2201 207 2260 Fr.
232 2202 285 2261 77.
309 2201 358 2263 Bl.
383 2203 438 2264 cst.
464 2202 553 2263 Com.
573 2203 683 2278 adesp.
709 2205 773 2263 692
794 2210 913 2263 καπνοῦ
937 2201 1024 2262 σκιὰν
1047 2200 1190 2263 δέδοικεν.

156 2301 207 2360 Fr.
233 2301 286 2362 80.
311 2300 456 2364 (1111111.
481 2303 554 2364 Hel.
582 2305 677 2364 1609.

155 2403 207 2463 Fr.
232 2403 285 2463 82.
309 2401 500 2475 ἀπέκτειναν)
524 2409 656 2481 propter
680 2404 838 2482 Hilbergii
861 2407 1045 2467 doctrinam
1069 2408 1159 2467 recte
1180 2406 1328 2481 postulat
1354 2406 1477 2467 Nauck.

155 2503 207 2564 Fr.
233 2504 286 2565 87.
311 2499 379 2564 ἀνθ’
401 2499 573 2584 Ἑρμιόνης
597 2507 680 2567 bend
703 2507 752 2568 Bl.

155 2604 207 2666 Fr.
234 2606 307 2666 108.
331 2607 369 2666 In
392 2607 501 2668 Photii
523 2607 594 2668 loco
617 2606 891 2687 περιπιπλααμένος
914 2609 953 2669 de
976 2608 1071 2684 panis
1094 2608 1239 2669 nondum
1263 2609 1346 2669 cocti
1366 2623 1480 2669 massa

199 2707 326 2767 dictum
349 2708 479 2769 defendi
501 2724 597 2784 posse
628 2711 759 2771 videtur
781 2725 801 2770 a
824 2710 990 2785 Blaydesii
1013 2709 1202 2771 coniectura
1225 2707 1480 2788 περιπεπαρμένος

201 2811 316 2890 (cauco
341 2809 440 2894 ξύλῳ).
1411 2827 1413 2831 ·

156 2910 207 2970 Fr.
235 2911 308 2970 105.
332 2911 483 2972 Antehac
506 2913 612 2972 suasi:
654 2946 656 2952 ·

401 3011 459 3087 ,εἰ
481 3012 528 3089 μὴ
549 3007 764 3092 ’γκιλικίσαιγί,
786 3010 961 3091 ἕξολοίμηύ,
983 3013 1064 3090 φάθι
1087 3010 1190 3093 λέγων.

198 3112 247 3172 Bl.
282 3112 337 3173 eft.
373 3110 586 3185 ἕνθετυαλίζειν
628 3114 751 3191 (Eupol.
788 3117 863 3185 201)
907 3125 941 3176 et
975 3114 1114 3186 αἰολίζειν
1150 3116 1247 3190 Soph.
1282 3115 1321 3175 fr.
1358 3117 1422 3176 845
1437 3139 1477 3162 =

200 3212 265 3273 828
289 3207 384 3275 Nclr².

153 3313 205 3374 Fr.
233 3315 305 3375 106.
332 3316 556 3391 proponebam
580 3311 690 3395 Λύχη1’
715 3300 777 3376 υ-ἰ
791 3316 841 3377 καλ
865 3315 1026 3397 Μεγακλέα
1049 3316 1099 3377 καλ
1122 3317 1277 3396 Λάμαχον.

154 3414 207 3475 Fr.
235 3416 307 3491 108,
335 3417 363 3477 l.
388 3425 481 3489 συκᾶς
504 3417 625 3493 φυτεύω
648 3417 774 3477 πάντα
797 3417 876 3496 πλὴν
899 3424 1088 3496 Λακωνικῆς.

244 3515 389 3596 Κοίοιο,
425 3520 510 3593 quod
544 3520 632 3580 iusto
666 3519 884 3582 confidentius
919 3521 1027 3581 textui
1056 3521 1169 3582 intulit
1199 3520 1305 3597 Koclr,
1338 3523 1481 3582 nonest

200 3619 309 3693 aptius
342 3634 441 3693 quam
473 3622 502 3681 si
533 3621 636 3682 latine
665 3623 756 3682 dicas
787 3623 900 3683 iicus
924 3623 1047 3683 valde
1077 3637 1185 3698 sero,
1211 3624 1270 3683 aut
1293 3623 1480 3697 germanice

200 3720 268 3780 ich
303 3722 473 3797 pilanae
507 3723 604 3783 sehr
639 3724 959 3798 Feigenbadme.
996 3723 1073 3784 Mihi
1109 3725 1168 3783 aut
1197 3739 1316 3784 sanum
1352 3723 1481 3784 videtur

199 3821 311 3900 πάνια,
333 3824 430 3885 modo
453 3839 627 3884 sumamus
650 3825 753 3885 fuisse
776 3825 810 3884 in
833 3826 1038 3900 praegressis
1061 3821 1135 3883 κατὰ
1154 3822 1205 3884 τὸν
1224 3821 1317 3903 ἀγρόν
1335 3824 1480 3885 similive

201 3924 294 4004 quid,
330 3927 388 3984 aut
422 3926 570 3985 admissa
604 3925 757 3986 Meinelrii
792 3925 875 3985 coni.
910 3929 993 3985 πάνυ
1027 3947 1068 4001 ιι,
1102 3940 1236 3986 versum
1271 3926 1319 3987 sic
1349 3926 1479 4001 explen-

202 4025 280 4085 dum
305 4041 396 4086 esse:

339 4120 437 4192 (οὐδ’
462 4124 547 4206 eye>
575 4136 668 4199 συκᾶς
691 4127 811 4204 φυτεύω
834 4126 937 4188 πάνυ
957 4149 991 4186 ει
1013 4125 1092 4205 πλὴν
1115 4132 1306 4205 Λακωνικῆς.
1411 4208 1415 4214 ·

202 4228 286 4301 quod
310 4229 413 4289 etiam
436 4229 593 4304 praefero.

158 4329 209 4390 Fr.
236 4329 309 4405 109,
335 4330 364 4390 3.
389 4331 475 4390 Ante
487 4330 535 4390 Bl.
556 4330 648 4390 suasi
667 4326 806 4405 διέλκειν,
827 4329 1069 4391 dubitabundus
1088 4334 1201 4392 tamen
1220 4331 1260 4390 ob
1279 4333 1481 4405 praegressis

202 4431 358 4511 acrisios,
383 4433 416 4491 et
441 4446 489 4490 vs.
514 4434 533 4490 4
558 4429 695 4509 ῥυπαρὸν
718 4446 776 4506 pro
800 4429 941 4508 λιπαρὸν,
969 4431 1054 4505 quod
1084 4431 1208 4506 placuit
1231 4431 1331 4491 etiam
1354 4430 1480 4491 Nabero

202 4534 236 4592 et
259 4531 447 4609 Blaydesio,
481 4532 535 4605 qui
566 4534 680 4592 tamen
712 4532 782 4607 ipse
807 4532 984 4592 violentius
1008 4533 1091 4593 coni.
1115 4531 1257 4610 καθαράν
1280 4551 1309 4590 ιε
1332 4529 1482 4610 ῥάφανον.

202 4632 308 4693 Hodie
331 4633 444 4693 dubito
467 4647 509 4692 an
532 4630 659 4709 λιπαρὸν
682 4633 788 4706 possit
811 4632 950 4693 defendi.

158 4735 211 4796 Fr.
238 4735 311 4811 110,
339 4737 366 4796 1.
398 4735 470 4796 Non
501 4733 671 4794 nominato
704 4736 812 4809 poeta,
834 4733 866 4795 h.
893 4749 941 4795 vs.
966 4734 1029 4809 legi
1054 4734 1138 4810 apud
1162 4733 1301 4793 Atilium
1326 4733 1481 4794 Fortuna·

203 4838 290 4911 tum,
315 4835 400 4897 Keil.
425 4836 479 4897 Gr.
503 4837 575 4896 Lat.
601 4835 645 4894 Vl
668 4849 698 4910 p,
722 4836 797 4912 291,
826 4837 841 4895 1
867 4836 996 4895 monuit
1019 4836 1141 4896 Nauck.

161 4937 213 4997 Fr.
240 4938 313 4997 111.
343 4936 545 5013 Διαφνκεύειν
574 4935 729 5010 intellego
753 4936 793 4996 de
816 4936 960 5009 platanis
983 4936 1128 4997 ordine
1151 4937 1184 4995 et
1208 4937 1307 4997 certis
1329 4936 1482 4997 interval·
