3502 5512
882 341 944 401 162

252 532 303 591 Fr.
328 533 402 591 321.
438 532 538 592 Recte
574 532 733 606 Gomperr
769 535 831 605 (ap.
858 531 971 606 Miller,
998 530 1174 605 Melanges)
1205 527 1288 608 ἑτέρα
1315 547 1373 607 pro
1396 527 1506 610 ἑταίρα.
1530 530 1579 593 Of.

297 634 409 693 Nauck
432 635 504 695 Mel.
528 634 575 693 HI
602 636 681 707 145;
707 632 812 708 Cohn,
837 633 949 693 Jahrb.
975 633 996 693 1.
1022 631 1104 692 Phil.
1133 633 1206 706 133,
1232 649 1262 708 p.
1289 634 1363 693 842.

252 734 303 794 Fr.
329 733 404 811 323,
433 737 459 796 1.
485 734 596 810 πάντα,
618 739 693 794 παῖ.
718 735 819 795 Kock.
844 735 915 795 Non
940 738 1028 795 recte
1052 734 1167 805 πάντας
1191 725 1231 793 εὖ
1256 734 1319 809 Β1.,
1344 750 1421 795 nam
1443 736 1580 810 iungen-

297 837 374 897 dum
411 841 462 896 est
497 836 575 897 οὕτω
610 834 722 914 φέρειν.
756 837 816 895 Sed
853 837 967 896 malim
992 834 1057 894 τὸν
1088 839 1231 912 πλοῦτον,
1260 851 1339 897 nam
1369 837 1582 899 incommode

297 939 390 999 abest
413 939 582 1001 articulus.
608 974 648 982 —
674 939 719 998 Vs
744 940 773 998 2.
798 938 883 1013 Lege
908 931 1091 1017 yI<y>vrt'.

252 1041 303 1100 Fr.
330 1042 404 1101 325.
433 1044 460 1100 1.
487 1041 603 1102 Cobet:

873 1139 949 1218 πρὸς
973 1139 1005 1200 τὸ
1029 1134 1137 1218 πρᾶγμ’
1164 1138 1219 1219 ἔχω
1243 1151 1342 1214 κακῶς

364 1246 395 1301 Β.
424 1243 489 1305 <οι1
514 1239 652 1319 θαῦμ’>,
676 1239 872 1320 ἐπαριστέρως
897 1245 1080 1312 (accentum
1106 1244 1249 1304 correxit
1272 1244 1391 1315 Iacobi)
1414 1243 1471 1305 ιττὲ.

298 1345 352 1404 Vs.
377 1347 406 1405 8.
432 1346 479 1405 Bl.
505 1343 578 1404 ἀλλὰ
602 1346 713 1424 γίνεται
739 1346 817 1415 (imo
844 1344 985 1424 γίγνεται)
1007 1339 1010 1422 i
1032 1341 1153 1423 ἀγαθὸν
1177 1338 1225 1402 ἀπ’
1251 1343 1344 1422 αὐτῆς
1367 1342 1417 1404 καὶ
1440 1339 1501 1424 pty'
1526 1346 1580 1407 Vel

296 1440 430 1524 πάριμερ’Ι
462 1445 658 1522 0011001011]
692 1462 765 1507 esse
794 1447 898 1517 παῖδες
924 1447 1007 1506 mihi
1031 1447 1160 1519 quidem
1188 1447 1380 1521 neutiquam
1411 1449 1582 1522 persuasit

296 1547 402 1621 Koch,
438 1549 504 1608 imo
540 1564 582 1608 ex
613 1550 741 1623 vulgari
780 1548 978 1608 Graecorum
1014 1549 1182 1607 sententia
1216 1548 1310 1608 liberi
1344 1549 1582 1609 existimantur

296 1649 489 1721 primarium
511 1652 713 1711 matrimonii
733 1651 958 1725 commodum,
981 1652 1014 1709 et
1033 1649 1115 1709 nihil
1129 1649 1240 1711 obstat
1252 1650 1399 1712 alioloco
1411 1651 1583 1711 Menandri

298 1751 394 1826 (418),
425 1767 522 1825 quem
546 1753 694 1812 obmovit
719 1752 824 1825 Koch,
852 1755 981 1827 patrem
1006 1751 1151 1825 aliquem
1175 1753 1247 1811 sive
1271 1753 1341 1813 iure
1364 1753 1435 1812 sive
1458 1753 1580 1813 iniuria

297 1852 362 1913 11110
390 1854 510 1913 iratum
535 1855 740 1914 exclamare:
774 1845 839 1912 οἷον
868 1850 900 1911 τὸ
924 1852 1065 1932 γενέσθαι
1089 1850 1201 1928 πατέρα
1225 1852 1343 1911 παίδων
1366 1843 1435 1930 ἦν..
1456 1851 1461 1932 1
1483 1853 1580 1930 λύπη,

297 1954 407 2030 φόβος,
430 1954 565 2031 φροντίς,
589 1952 680 2030 πέρας
704 1951 782 2013 ἐστὶν
806 1949 878 2014 οὐδὲ
904 1951 958 2017 ivr
975 1988 1014 1996 -
1037 1954 1092 2013 Va.
1120 1956 1170 2014 10.
1195 1952 1243 2013 Bl.
1268 1954 1383 2027 probat
1405 1956 1577 2016 correctio·

297 2071 372 2115 nem
397 2072 506 2116 meam
525 2055 576 2115 τὸν
596 2050 695 2133 ἔχονθ’
720 2053 839 2131 ἑαυτὴν.
861 2089 902 2097 -
921 2056 977 2115 Vs.
1006 2057 1055 2115 12.
1080 2056 1180 2115 Recte
1204 2055 1346 2116 fortasse
1370 2056 1457 2117 idem
1481 2055 1579 2135 περιέ-

296 2155 387 2215 στειλέ
422 2152 452 2216 τ’.
490 2159 545 2218 Vs.
582 2160 632 2218 14.
663 2149 696 2216 εὖ
728 2174 785 2232 pro
815 2165 876 2215 πᾶν
908 2155 1119 2231 probabiliter
1150 2156 1263 2232 Cobet,
1293 2158 1341 2218 Β1.
1365 2166 1487 2237 πρᾶγμα
1506 2168 1580 2235 πᾶν,

297 2261 368 2318 ium
396 2255 434 2316 ἂν
461 2256 493 2319 δὲ
516 2256 626 2341 βλέπῃς
646 2261 679 2319 F.
694 2260 745 2319 W.
760 2259 918 2319 Schmidt.
946 2293 985 2301 —
1010 2258 1066 2319 VS.
1092 2260 1121 2319 6.
1141 2256 1398 2335 προσδοκωμένων
1422 2260 1575 2335 deprava·

296 2363 380 2433 tum,
411 2360 468 2420 sed
489 2361 599 2434 procul
620 2361 716 2420 dubio
736 2377 800 2420 non
821 2360 903 2420 latet
922 2357 1181 2437 προστεθειμένον
1208 2376 1269 2421 nec
1281 2361 1580 2439 προσγεγενημένων,

297 2477 380 2533 quam
414 2465 565 2536 proponit
594 2463 655 2539 Bl.,
688 2463 746 2522 sed
778 2463 1004 2522 necessarium
1037 2465 1088 2522 est
1112 2462 1196 2536 quod
1220 2465 1309 2522 recte
1333 2467 1516 2538 opponatur
1539 2474 1579 2546 τῷ

297 2567 455 2637 λυποῦντι,
476 2565 565 2623 velut
584 2565 823 2642 npooyrlorrov.
844 2565 1121 2637 Antiquissimum
1143 2578 1216 2624 esse
1236 2565 1451 2638 corruptelam
1469 2569 1577 2625 osteu-

298 2663 380 2723 dunt
406 2680 457 2724 vv.
482 2666 515 2725 ll.
541 2662 801 2742 προσλεγομὲνων,
823 2661 1084 2742 προσγενομένων,
1107 2662 1372 2743 προσλελεμμὲνων.

254 2765 304 2823 Fr.
330 2768 405 2841 327,
440 2769 458 2826 2
488 2783 535 2840 sq.
568 2768 615 2827 Bi.
651 2766 846 2843 παράστασιν,
881 2767 953 2842 μίαν
974 2764 978 2846 i
1000 2766 1135 2843 δραχμήν
1170 2767 1312 2829 fortasse
1346 2770 1443 2828 recte.
1477 2770 1578 2829 Actor

298 2867 442 2928 libellum
468 2870 568 2929 tradit
591 2869 753 2929 diaetetae
776 2870 940 2942 simulque
964 2869 1168 2943 parastasios
1191 2869 1327 2929 nomine
1351 2869 1554 2930 drachmam.

252 2970 304 3028 Fr.
329 2972 403 3046 328,
429 2973 458 3030 2.
483 2971 529 3030 De
552 2968 688 3029 ἀποίσειν
713 2971 761 3030 Bl.
781 2975 951 3045 praeterea
970 2971 1025 3029 cst.
1046 2970 1139 3030 Dem.
1159 2985 1189 3043 p.
1204 2970 1278 3045 243,
1296 2971 1334 3028 11
1355 2974 1389 3030 et
1411 2972 1574 3045 1332,13.

254 3071 303 3130 Fr.
329 3073 403 3132 330.
429 3073 477 3132 Bl.
508 3066 566 3130 ἀλλ’
594 3070 630 3131 οὐ
655 3070 689 3129 τὰ
717 3078 828 3133 <τοῦ>
856 3071 925 3148 βίου
953 3067 991 3128 ’τι
1022 3069 1062 3130 νὼ
1087 3070 1136 3129 δεῖ
1155 3070 1328 3147 φροντίσαι,
1358 3071 1466 3131 deleto
1491 3070 1577 3148 ἴσως,

296 3174 380 3244 quod
416 3174 501 3232 unde
535 3176 651 3234 natum
683 3174 727 3233 sit
757 3187 820 3231 uon
852 3173 1005 3246 explicat.
1031 3172 1067 3231 ln
1091 3173 1216 3232 omisso
1239 3171 1377 3233 articulo
1401 3172 1521 3232 haereo
1542 3177 1577 3234 et

296 3275 378 3348 ipse,
404 3290 463 3334 nec
485 3275 675 3349 scrupulum
700 3274 813 3333 evellit
836 3274 874 3334 fr.
896 3275 971 3348 410,
991 3275 1024 3347 2,
1050 3274 1104 3346 qui
1124 3273 1229 3347 locuS,
1252 3273 1306 3332 ubi
1327 3277 1403 3333 ante
1423 3273 1573 3335 Grotium

297 3378 366 3435 erat
388 3382 441 3434 τοῦ
464 3376 549 3452 βίον,
572 3391 651 3435 num
676 3375 716 3434 ab
741 3375 832 3434 omni
856 3377 948 3449 parte
973 3389 1075 3434 sanus
1099 3375 1144 3433 sit
1168 3373 1290 3433 dubito.
1311 3374 1409 3434 Venit
1432 3375 1465 3434 in
1483 3390 1574 3435 meu·

296 3480 382 3537 tem:
418 3472 477 3536 ἀλλ’
514 3476 551 3537 οὐ
575 3472 650 3536 τάδ’
677 3478 727 3547 (cf.
753 3477 912 3536 Prisciani
936 3476 1057 3544 locum)
1081 3475 1180 3534 οὕτω
1204 3475 1267 3545 (vel
1291 3474 1333 3533 τὰ
1356 3475 1499 3535 τούτου
1524 3477 1575 3537 νώ

295 3572 331 3654 γ’)
356 3577 425 3649 ἴσως
449 3580 498 3637 δεῖ
514 3578 680 3654 φροντίσαι.
705 3579 766 3638 Sed
792 3577 925 3637 brevius
949 3579 1001 3637 est
1024 3577 1247 3650 fragmentum
1272 3592 1371 3649 quam
1396 3577 1481 3651 quod
1502 3582 1575 3639 tuto

296 3685 473 3740 tentemus

252 3782 301 3840 Fr.
323 3783 387 3842 335
412 3782 494 3842 bene
513 3783 741 3843 constitutum.
763 3781 897 3841 inutilia
918 3781 1041 3855 profert
1053 3781 1100 3840 Β1.
1118 3780 1209 3839 Ideni
1223 3780 1312 3840 valet
1323 3780 1362 3840 de
1374 3781 1575 3853 fragmentis

296 3885 370 3957 339,
397 3884 472 3957 342,
499 3885 574 3942 343.

251 3986 300 4043 Fr.
326 3986 401 4059 336,
428 3986 456 4043 2,
482 3984 588 4043 Verba
611 3980 650 4052 ὡς
673 3980 711 4040 ἅν
728 4016 765 4024 -
780 4005 822 4052 τις
845 3982 946 4042 Cobet
969 3981 1175 4041 Menandreis
1199 3983 1322 4042 addidit
1346 3983 1412 4042 iam
1434 3997 1462 4041 a.
1487 3983 1572 4043 1854

294 4086 348 4143 diu
379 4088 456 4144 ante
480 4085 693 4158 Madvigium,
719 4086 757 4142 ut
780 4083 911 4142 monuit
934 4082 1056 4142 Nauck.

250 4186 300 4243 l‘r.
326 4188 400 4259 341),
430 4189 456 4245 l.
477 4185 684 4245 Affirmative
702 4184 826 4243 dictum
848 4199 921 4242 esse
941 4184 1083 4243 sortasse
1102 4187 1189 4244 recte
1209 4189 1323 4245 monet
1342 4185 1391 4247 Β1.
1406 4218 1444 4227 -
1465 4183 1521 4244 Vs.
1541 4185 1572 4244 2.

294 4286 425 4346 Comico
468 4287 611 4345 sermoni
650 4286 757 4358 magis
792 4285 968 4344 conveniat
1003 4282 1182 4362 ἕνεπλήμην.
1217 4287 1324 4346 Mente
1358 4285 1573 4361 repetendum

293 4388 419 4446 πώποτε.
444 4388 506 4445 Vix
526 4401 606 4460 opus
627 4386 805 4459 ingeniosis
826 4386 944 4446 Naberi
964 4387 1205 4460 supplementis
1228 4385 1299 4464 <μὰ
1311 4381 1361 4446 Δί’
1377 4386 1433 4447 οὐκ
1445 4381 1569 4466 ἔγωγ’·>

293 4488 329 4547 οὐ
361 4488 416 4566 γὰρ
447 4486 638 4563 ἐνεπλήσθην
675 4486 860 4544 (πώποτε).
884 4521 923 4527 -
958 4487 1014 4546 Vs.
1041 4489 1070 4547 8.
1102 4489 1299 4549 Rectissime
1330 4488 1420 4548 Kock
1449 4489 1573 4563 recepit

293 4591 455 4664 Heringae
487 4590 723 4661 coniecturam,
756 4603 817 4646 nec
841 4588 1042 4647 haerendum
1068 4605 1141 4649 cum
1167 4590 1214 4648 Bl.
1239 4591 1273 4649 in
1297 4590 1378 4649 dura
1401 4592 1572 4664 anapaesti

293 4693 463 4766 incisione,
492 4707 574 4765 quae
600 4691 732 4749 nomine
756 4691 885 4763 proprio
910 4691 994 4749 satis
1018 4693 1206 4750 excusatur.

248 4793 298 4851 Fr.
325 4796 399 4868 355,
426 4797 455 4852 3.
491 4794 579 4852 Bene
614 4791 776 4849 Headlam
811 4785 880 4847 καθ’
918 4788 971 4860 οὓς
1003 4797 1135 4860 κρινεῖ
1161 4789 1196 4849 τὰ
1225 4784 1368 4869 πράγματ’
1402 4787 1439 4849 οὐ
1467 4798 1572 4868 χρῆται

293 4894 409 4970 νόμοις,
432 4895 489 4954 sed
515 4894 630 4953 malim
656 4894 771 4965 etiarn,
798 4894 875 4965 quia
898 4893 1049 4967 displicet
1073 4893 1271 4968 asyndeton,
1301 4889 1434 4954 <ιαιά>
1461 4886 1490 4949 θ’
1518 4887 1572 4965 οὓς
