3502 5512
879 346 942 407 130

290 547 355 593 non
386 547 473 606 esse,
505 531 589 591 satis
612 528 823 605 probabiliter
849 530 988 591 coniecit
1015 527 1056 602 ὡς
1080 529 1254 610 Εὐχαρίδης
1277 536 1335 595 aut
1358 532 1415 594 οὐκ
1439 532 1569 615 Εὐχαρί-

291 632 346 711 δης
361 655 415 705 -;
446 632 518 693 coll.
543 631 640 706 Vesp.
666 631 741 692 678.
772 629 908 707 Χαρίδης
943 646 1024 692 sane
1055 634 1202 694 nondum
1231 637 1398 710 repertum
1427 637 1567 712 videtur,

289 735 346 795 sed
372 732 519 813 Χαριάδαις
544 732 1042 809 Mantinenslslegiturcoll.1
1069 737 1152 797 1181
1178 739 1212 797 et
1234 737 1390 817 Χαριάδης
1415 739 1569 813 frequens

290 838 342 896 est
365 849 484 896 nomen
509 835 664 912 atticum,
690 850 838 896 necnon
863 836 986 913 Χοιρέας.

245 937 296 997 Fr.
322 937 397 1011 248,
418 939 448 998 5.
473 937 535 997 Pro
558 935 683 1014 μάχιμος
706 939 860 1012 proposui
881 936 979 1016 λίχνος
1004 942 1061 1000 aut
1084 938 1210 1019 μάργος,
1232 941 1290 1001 sed
1310 940 1391 1002 illud
1409 941 1568 1019 praefero.

246 1038 296 1098 Fr.
322 1039 396 1112 250,
419 1041 449 1099 4.
484 1039 522 1098 In
552 1036 595 1098 ἔτι
625 1039 696 1099 iure
730 1038 900 1101 offendens
922 1040 970 1102 Bl.
1002 1041 1144 1102 coniecit
1172 1044 1368 1121 τραγημάτων
1392 1039 1495 1103 δοτέον
1525 1047 1570 1115 (et

289 1139 355 1200 alia
378 1141 490 1200 minus
513 1139 702 1214 probabilia)
727 1142 761 1200 et
783 1141 981 1201 πλακούντων
994 1145 1041 1213 (l).

245 1242 296 1302 Fr.
322 1242 396 1301 252.
426 1234 542 1305 <έοέ>
558 1232 592 1300 εὖ
613 1256 688 1302 cum
714 1241 852 1304 Vindob.
877 1243 984 1305 'I'rinc
1004 1245 1069 1320 BL,
1094 1244 1151 1306 sed
1174 1248 1263 1306 recte
1286 1261 1321 1306 se
1341 1245 1440 1307 habet
1458 1240 1568 1325 ὀρθῶς.

246 1343 297 1402 Fr.
324 1344 398 1403 253.
590 1337 747 1422 Ἀφροδίσι’
775 1334 827 1423 ἦγε
851 1349 914 1417 ταῖς
937 1343 1066 1425 ἑταίραις
1089 1342 1108 1424 ἡ
1133 1346 1227 1418 πόλις·

592 1440 673 1522 ἔτερα
698 1440 731 1504 δὲ
753 1443 841 1525 χωρίς
865 1443 925 1505 ἐστι
948 1451 1011 1518 ταῖς
1034 1444 1214 1527 ἐλευθέραις.

589 1549 653 1616 ταῖς
675 1540 800 1624 ἡμέραις
822 1546 944 1620 ταύταις
967 1543 1000 1608 δὲ
1023 1548 1170 1627 κωμάζειν
1193 1547 1210 1609 ἕ
1214 1553 1287 1620 θος

591 1644 715 1721 ἔστιν,
737 1648 857 1724 νόμος
881 1670 917 1708 τε
938 1648 1006 1722 τδις
1030 1647 1191 1726 ἑταίρας
1215 1647 1326 1710 ίνθοίδε

593 1748 778 1826 <μεθύειν>
805 1743 872 1825 μεθ’
898 1746 992 1827 ἡμῶν.

290 1848 343 1909 Sic
373 1850 481 1910 editur
512 1866 587 1911 cum
616 1851 751 1911 Porsoni
782 1850 1026 1929 supplemento,
1059 1852 1116 1912 sed
1139 1857 1330 1930 suspectum
1354 1855 1437 1914 mihi
1460 1856 1569 1915 estet

288 1965 531 2025 supervacuum
558 1950 650 2029 νόμος
674 1972 703 2011 τε
726 1954 760 2012 et
789 1949 867 2011 ἔστιν
890 1957 1085 2029 usurpatum
1109 1970 1167 2029 pro
1191 1956 1375 2017 necessario
1399 1954 1567 2032 enclitico,

289 2052 373 2125 quod
394 2068 473 2113 num
497 2068 631 2113 versum
655 2052 754 2113 ordiri
778 2053 884 2127 possit
906 2055 1030 2115 dubito.
1056 2054 1213 2130 Quocirca
1235 2056 1345 2117 locum
1365 2071 1429 2117 non
1449 2055 1570 2117 lacuna

288 2153 436 2214 laborare
455 2154 513 2215 sed
537 2155 646 2229 potius
669 2153 922 2230 interpolatione
946 2155 1084 2216 credens
1107 2156 1256 2232 suspicor
1273 2159 1404 2232 poetam
1422 2157 1567 2218 dedisse:

936 2261 999 2328 ταῖς
1024 2254 1213 2336 ἐλευθέραις,

565 2361 628 2428 ταῖς
652 2352 775 2436 ἡμέραις
799 2356 920 2430 ταύταις
945 2353 978 2418 δέ
1000 2357 1147 2435 κωμάζειν
1171 2356 1245 2431 ἔθος

565 2455 677 2518 &vesus
702 2451 768 2536 μεθ’
793 2453 894 2536 ἡμῶν,
916 2459 985 2521 scil.
1010 2463 1074 2532 ταῖς
1097 2456 1277 2539 ἐλευθέραις.

287 2560 445 2633 Loquitur
486 2560 587 2634 igitur
628 2559 763 2620 hetaera
805 2562 838 2619 et
878 2560 1012 2634 quidem
1053 2561 1138 2637 ipsa,
1180 2561 1213 2621 ni
1248 2560 1353 2637 fallor,
1389 2561 1567 2622 Philusa

290 2663 322 2722 in
348 2661 491 2738 prologo.

245 2763 295 2824 Fr.
323 2765 397 2838 254,
426 2764 454 2822 1.
486 2760 689 2823 coniecturis
719 2777 815 2822 suam
846 2761 938 2822 addit
959 2762 1008 2823 Bl.
1032 2760 1084 2822 ἐὰν
1109 2796 1149 2806 -
1173 2760 1228 2840 έχοο
1251 2777 1309 2839 pro
1332 2769 1386 2822 τοῦ
1411 2795 1451 2806 -
1475 2759 1568 2839 ἔχειν,

286 2865 464 2942 propositis
493 2865 702 2925 audaciorem
731 2879 791 2925 nec
822 2863 1004 2925 meliorem.
1042 2864 1174 2940 Optime
1204 2867 1262 2926 aut
1291 2863 1406 2924 Iacobs
1436 2883 1497 2923 τιον
1524 2897 1564 2907 -

285 2965 361 3044 έχων
384 2968 441 3026 aut
464 2965 611 3026 Mainake
633 2987 678 3024 τοι
702 2999 743 3009 -
767 2962 841 3042 ἔχων
865 2965 1048 3026 correxisse
1072 2966 1212 3026 videtur.

242 3070 292 3129 Fr.
318 3069 393 3129 255.
507 3066 534 3126 εί
555 3074 608 3127 τοῦ
632 3066 839 3143 μεθύσκεσθαι
862 3064 1009 3144 πρότερον
1032 3063 1064 3126 τὸ
1088 3069 1257 3144 κραιπαλᾶν

507 3161 762 3248 παρεμί<μ>νεθ’
787 3162 874 3244 ἡμῖν,
897 3162 965 3227 οὐδ’
992 3164 1030 3226 ἂν
1054 3160 1095 3240 είς
1118 3160 1204 3227 οίνόν
1226 3187 1297 3226 ποτε

503 3268 687 3353 προσίετο
711 3267 831 3328 πλείω
854 3276 921 3329 τοῦ
945 3268 1115 3348 μετρίου.
1138 3266 1208 3328 νυνί
1231 3263 1340 3344 δέτὴν

506 3369 650 3448 τιμωρίαν
673 3367 710 3430 ού
732 3368 957 3448 προσδοκῶντες
980 3377 1032 3447 τῆς
1056 3367 1153 3447 μέθης

506 3471 588 3551 ἥξειν
610 3470 772 3551 προχείρως
795 3469 886 3543 τοὺς
910 3468 1110 3550 ἀκράτους
1133 3469 1268 3546 πίνομεν.

284 3575 481 3650 corruptum
512 3588 586 3634 esse
615 3571 685 3643 τοὺς
713 3569 861 3650 ἀκράτους
886 3572 1028 3633 concedo
1051 3571 1189 3646 Koclrio,
1214 3570 1270 3631 sed
1295 3570 1383 3631 male
1407 3572 1562 3633 correxit.

254 3663 353 3737 'Non
389 3677 478 3737 enim
513 3677 552 3736 de
588 3689 692 3749 mero,
728 3674 786 3734 sed
822 3674 861 3733 de
902 3673 1230 3735 immoderatius
1264 3671 1406 3747 potando
1441 3672 1562 3749 agitur,

282 3779 392 3852 itaque
415 3777 495 3837 olim
519 3777 643 3838 conieci
666 3769 778 3836 οίνον
801 3772 977 3854 ἀκρατῶς
1000 3775 1135 3851 πίνομεν.
1160 3774 1266 3834 Hodie
1288 3772 1515 3848 praetulerim:

595 3877 758 3955 προχείρως
781 3872 909 3953 πίνομέν
933 3896 969 3935 τε
992 3872 1204 3953 κᾶκρατῶς.
1310 3885 1313 3891 ’

280 3980 371 4040 Licet
399 3993 465 4039 non
488 3979 708 4053 persuaserim
731 3978 870 4056 Recito,
896 3979 1056 4053 hodieque
1080 3978 1128 4038 sic
1151 3979 1272 4037 statuo.
1298 4007 1337 4018 ·-
1359 3973 1415 4035 Vs.
1448 3975 1478 4035 3.
1511 3974 1561 4035 Bl.

280 4080 426 4141 offensus
461 4079 552 4140 brevi
581 4080 650 4141 iota
679 4080 821 4141 coniecit
850 4083 1001 4159 ιιροτεῖτο,
1034 4082 1093 4140 aut
1117 4078 1226 4148 (male)
1250 4068 1375 4153 προσίετ’
1401 4070 1440 4133 bv
1462 4077 1564 4160 πλεῖν,

282 4184 410 4242 mutato
445 4181 546 4241 simul
580 4196 629 4240 vs.
655 4181 674 4239 2
706 4173 790 4240 οἶνον
820 4181 854 4240 in
886 4179 981 4240 οἴνον.
1014 4181 1133 4240 Forma
1163 4178 1251 4239 enim
1280 4179 1365 4235 ιιλεῖν
1387 4191 1445 4250 pro
1468 4172 1562 4234 πλέον

281 4299 346 4343 non
377 4283 440 4343 nisi
472 4298 547 4343 cum
578 4283 727 4343 numeris
751 4283 970 4358 coniungitur.
994 4281 1229 4356 Imperfectum
1254 4291 1330 4337 vero
1353 4278 1384 4337 b.
1405 4277 1427 4337 l.
1451 4278 1563 4351 aptius

280 4400 380 4458 quam
411 4385 554 4445 aoristus
585 4386 617 4444 et
641 4385 672 4443 in
697 4384 879 4444 recentiore
904 4383 1074 4444 comoedia
1093 4381 1184 4442 verbi
1203 4379 1266 4457 ἴημι
1286 4379 1354 4438 iota
1373 4381 1560 4453 correptum

280 4488 393 4545 tuetur
423 4483 546 4563 συνίημι
577 4485 716 4545 Philem.
749 4485 793 4543 IV
824 4486 883 4558 48;
921 4484 1066 4545 Straton.
1099 4482 1144 4541 IV
1173 4482 1248 4555 546,
1281 4479 1359 4540 licet
1387 4479 1433 4539 ibi
1463 4478 1561 4540 facile

280 4588 423 4647 conicias
454 4596 595 4664 συνῆκας.
627 4588 781 4647 Fortasse
811 4587 913 4662 igitur
940 4588 1089 4660 praestat
1117 4584 1149 4644 h.
1173 4583 1194 4643 l.
1219 4581 1430 4643 admitterere
1454 4579 1561 4642 durio·

279 4703 350 4748 rem
374 4692 590 4764 anapaestum
614 4684 705 4765 προτί
723 4688 729 4766 Ι
751 4709 797 4747 ετο
820 4687 889 4746 elec
908 4680 912 4768 Ι
934 4709 966 4745 ω.

236 4791 287 4851 Fr.
313 4793 387 4854 257.
535 4789 598 4850 ἀεί
618 4785 641 4869 γ’
669 4786 684 4848 ὁ
709 4792 873 4868 Χαιρεφῶν
896 4782 948 4847 τιν’
976 4785 1107 4866 εὑρίσκει
1129 4783 1244 4865 τέχνην.

536 4888 599 4951 καί
623 4898 696 4950 νῦν
720 4888 871 4968 πορίζεταί
891 4908 932 4970 με
954 4885 989 4947 τδι
1014 4879 1107 4947 δεῖπν’
1132 4883 1297 4965 ἀσύμβολα.
