3502 5512
862 349 900 407 71

259 551 322 604 νιος·
354 531 391 593 οὐ
422 531 461 593 τὼ
493 527 560 612 χεῖρ’
587 530 705 610 ἆφὲξεις
727 557 785 609 -;
816 536 878 598 sed
909 536 984 597 vide
1015 550 1057 596 ne
1080 536 1240 622 traditum
1264 532 1397 607 ἀποίσεις
1420 535 1542 596 melius

259 637 415 711 iungatur
438 651 514 698 cum
538 633 675 697 ἐκποδών
698 652 799 712 quam
822 635 941 714 δοέξεις
964 640 999 699 et
1022 638 1061 699 ci.
1086 639 1141 698 Ar.
1166 638 1240 698 Pac.
1268 638 1351 697 1221
1378 631 1537 717 ἀπόφερ’

259 732 296 809 ἐς
318 735 501 816 κόρακας.
524 737 636 800 Malim
659 738 760 815 igitur
782 740 853 801 sine
872 739 1100 801 distinctione:

415 835 646 919 ignipotens
670 839 706 901 οὐ
730 838 769 901 τὼ
792 836 859 921 χεῖρ’
885 838 1068 912 ἀποίσεις
1092 837 1229 900 ἐκποδὼν
1252 836 1326 913 τινὲς

215 939 266 1001 Fr.
294 940 344 1016 12,
369 941 400 1002 3.
423 941 461 1002 In
484 939 549 1020 ἥκει
571 939 680 1022 τρέχων
703 944 759 1003 vix
783 943 854 1005 iure
878 944 993 1005 haeret
1015 941 1063 1003 Bl.
1087 941 1350 1017 improbabiliter
1373 942 1538 1004 coniciens

260 1037 399 1115 ὀξύτατος
430 1047 488 1105 aut
520 1045 609 1124 ταχύς
640 1044 799 1116 (voluitne
829 1041 969 1118 ὀξύτατος
1000 1043 1065 1122 ἥκει
1094 1043 1148 1106 vel
1171 1042 1237 1121 ἥκει
1260 1043 1349 1122 ταχύς
1358 1046 1395 1120 11,
1427 1044 1537 1120 inepte

259 1145 428 1220 explicans
450 1145 550 1208 verba
572 1145 628 1208 οὐκ
648 1143 730 1220 ἄξιος
748 1145 912 1225 τριωβόλου
935 1162 1013 1208 non
1038 1146 1167 1220 levis3
1193 1161 1275 1220 quae
1295 1146 1323 1205 si
1343 1161 1426 1207 sana
1445 1152 1538 1224 sunt,

259 1247 341 1307 nihil
375 1248 463 1309 aliud
498 1247 684 1324 significare
719 1251 859 1325 possunt
888 1264 987 1324 quam
1019 1249 1128 1324 ipsum
1160 1248 1380 1325 contrarium,
1417 1247 1543 1310 levis.

258 1349 374 1411 Nonne
396 1353 510 1413 autem
534 1352 640 1413 dicere
663 1353 770 1427 potuit
792 1356 889 1428 poeta
912 1368 989 1414 eum
1014 1353 1069 1426 qui
1093 1351 1230 1412 meridie
1253 1349 1335 1412 hcus
1363 1351 1544 1412 comederit

259 1451 345 1512 levi
368 1451 451 1513 febri
475 1453 607 1529 corripi,
635 1468 718 1527 quae
741 1454 814 1515 bilis
827 1455 989 1515 vomitum
1006 1451 1127 1513 efficiat
1139 1453 1338 1513 dormienti?
1357 1452 1442 1513 Num
1456 1454 1542 1514 enim

260 1553 421 1614 eiusmodi
451 1554 552 1615 febris
582 1556 730 1630 gravis
761 1557 806 1617 sit
835 1571 971 1618 necesse
994 1556 1070 1617 est?
1101 1555 1219 1616 Gravis
1242 1555 1343 1616 febris
1368 1571 1540 1633 somnum,

258 1656 292 1716 ni
313 1655 420 1732 fallor,
444 1656 629 1733 impediret.
653 1658 773 1720 Dubito
797 1659 898 1734 igitur
920 1674 1001 1720 num
1026 1661 1114 1720 recte
1138 1659 1225 1719 hunc
1249 1673 1384 1718 versum
1408 1658 1441 1719 in
1466 1658 1541 1719 vitii

258 1757 480 1832 suspicionem
503 1760 673 1821 vocaverit
695 1760 798 1821 Koclr.

218 1859 268 1920 Fr.
303 1859 354 1935 13,
388 1861 416 1920 1.
451 1856 637 1938 νειφέτω,
678 1863 762 1937 quod
798 1863 895 1923 unice
929 1877 1085 1937 graecum
1121 1862 1261 1937 videtur,
1297 1865 1469 1923 revocetur
1500 1878 1542 1923 ex

259 1961 422 2022 Athenaei
445 1962 515 2024 cod.
539 1963 578 2024 Α.

215 2062 267 2123 Fr.
295 2063 345 2124 15.
371 2063 447 2126 Sine
467 2079 569 2126 causa
589 2066 706 2127 idonea
724 2066 773 2128 Bl.
794 2063 898 2145 ἔχομεν
917 2064 973 2146 μὰρ
994 2069 1052 2128 aut
1070 2060 1130 2125 ἀλλ’
1152 2064 1540 2144 ἔχομεν.ὃ1ο111111111111111·

260 2165 353 2241 dum,
373 2170 495 2240 quanto
514 2166 710 2242 probabilior
727 2171 778 2229 est
790 2167 963 2229 lenissima
974 2169 1110 2229 Porsoni
1123 2169 1323 2243 coniectura,
1337 2168 1394 2228 sed
1407 2183 1448 2228 ne
1461 2168 1543 2229 haec

259 2268 389 2341 quidem
411 2268 507 2344 plane
526 2272 615 2330 certa
634 2271 698 2347 est,
720 2272 798 2344 quia
816 2271 1009 2345 ignoramus
1028 2270 1103 2344 quid
1124 2272 1275 2331 secutum
1295 2270 1340 2330 sit
1359 2271 1434 2344 post
1447 2284 1494 2329 vs.
1509 2271 1538 2330 3.

216 2367 268 2428 Fr.
294 2369 345 2430 17.
381 2368 409 2428 ω’
441 2369 594 2429 πτιστιτόν
624 2370 687 2446 Β1.,
723 2386 788 2433 non
820 2372 887 2432 alia
916 2372 956 2432 de
985 2386 1087 2433 causa
1117 2387 1215 2446 quam
1239 2371 1323 2445 quod
1348 2371 1410 2432 hoc
1433 2371 1539 2432 dicere

259 2470 384 2546 placuit
406 2472 593 2548 Phrynicho
616 2473 656 2534 ir.
683 2475 734 2533 14.
760 2473 837 2548 Quis
861 2474 996 2535 credat?

216 2667 386 2752 Phriylirr
409 2672 448 2733 11.
474 2674 503 2732 3.
529 2671 628 2749 μύρου
652 2694 677 2731 τι
703 2672 798 2733 malit
821 2671 937 2734 Naber.

215 2772 267 2832 Fr.
291 2773 322 2833 4.
347 2773 424 2834 Sine
447 2773 515 2834 ulla
538 2788 638 2834 causa
660 2774 709 2834 Bl.
734 2775 977 2850 transponendo
1003 2776 1246 2836 etetrametris
1262 2774 1431 2835 trimetros
1449 2773 1537 2836 iacit.

258 2875 442 2937 Permirum
466 2875 575 2937 hercle
597 2876 683 2936 foret
702 2875 803 2936 verba
822 2877 908 2936 ultro
929 2879 1201 2938 tetrametrorum
1220 2878 1360 2938 formam
1375 2878 1538 2938 induisse!

214 2976 265 3036 Fr.
292 2979 322 3052 6,
350 2979 377 3037 1.
402 2975 459 3036 σὺν
483 2970 506 3060 ᾧ
529 2977 669 3038 Dindori
690 2978 858 3051 aliquanto
882 2978 1081 3057 probabilius
1105 2994 1204 3052 quam
1228 2979 1276 3040 Bl.
1300 2989 1423 3058 συχνῶς.

213 3079 263 3139 Fr.
292 3079 322 3155 7,
349 3082 378 3140 3.
417 3077 550 3155 τοῦνομα
585 3079 633 3140 Bl.
661 3114 700 3123 -
726 3079 771 3140 Vs
796 3081 825 3140 2.
858 3081 970 3141 Malim
1004 3074 1080 3140 τόδ’
1118 3075 1193 3158 αὔτ’,
1223 3082 1299 3156 quia
1328 3082 1467 3143 refertur
1497 3082 1537 3142 ad

255 3195 397 3254 sequens
420 3181 616 3243 vocabulum
640 3180 794 3259 μετρητήν.

212 3282 263 3343 Fr.
292 3284 342 3344 12.
374 3280 501 3344 <ἀλλὰ>
530 3289 656 3344 σπαθᾶν
679 3285 805 3346 incerta
828 3286 1017 3345 coniectura
1040 3284 1170 3359 supplet
1192 3285 1240 3345 Bl.

212 3383 263 3444 Fr.
291 3386 341 3461 13,
367 3386 398 3446 3.
433 3386 525 3447 Koclr
559 3385 726 3465 σπάρος,
760 3383 951 3464 δνθρατίδες.
988 3386 1058 3447 Nou
1095 3387 1196 3462 male,
1237 3387 1333 3448 modo
1369 3390 1538 3449 constaret

257 3482 441 3565 ἀνθρακίδες
458 3487 618 3549 Graecum
633 3503 707 3549 esse
717 3511 758 3535 =
768 3485 1003 3563 ἐπανθρακίδες,
1020 3503 1103 3562 quae
1116 3486 1293 3549 difficultas
1305 3489 1426 3563 premit
1437 3491 1538 3551 eiiam

255 3585 412 3648 Dindordi
437 3589 660 3650 coniecturam
684 3588 784 3666 πάρα
812 3583 832 3647 τ’
861 3586 1055 3666 δυθρατίδτς.
1079 3591 1233 3650 Fortasse
1252 3590 1426 3665 legendum
1454 3585 1533 3666 πάρ’

255 3685 495 3767 ἐπανθρακίδες,
515 3695 552 3752 ut
571 3706 619 3751 vs.
639 3693 657 3751 3
678 3706 800 3751 novum
821 3691 866 3751 sit
884 3691 1125 3767 fragmentum,
1147 3707 1229 3765 quae
1250 3692 1350 3752 etiam
1371 3691 1536 3766 Blaydesii

255 3793 307 3851 est
337 3792 447 3867 opinio
471 3792 511 3853 ob
538 3808 674 3853 casuum
700 3793 931 3853 mutationem.
963 3792 1034 3852 Non
1057 3793 1141 3853 satis
1165 3807 1284 3853 causae
1307 3796 1360 3855 est
1381 3809 1437 3854 cur
1460 3809 1535 3853 cum

255 3893 317 3954 hoc
350 3896 444 3955 vs.3
480 3894 596 3973 τρίγλη,
630 3900 777 3970 σαῦρος
812 3909 869 3969 pro
900 3892 1045 3972 σάρμος
1078 3894 1243 3972 legamus,
1275 3895 1359 3968 quod
1390 3895 1536 3971 Ephippo

255 3993 303 4054 ΙΙΙ
327 3996 369 4055 33
394 3997 428 4056 et
452 3995 674 4056 Mnesimacho
697 3994 745 4054 ΙΙΙ
769 3995 834 4056 560
859 3997 1035 4069 utrumque
1058 3996 1182 4070 piscem
1207 3994 1359 4070 copulare
1381 3995 1512 4070 placuit.

211 4095 261 4155 Fr.
290 4099 339 4156 14.
364 4095 501 4157 Temere
520 4094 744 4173 τουκινοπώλνρς
757 4095 822 4173 Bl.,
843 4096 927 4169 quod
948 4111 1141 4172 praegresso
1161 4095 1320 4157 vocabulo
1336 4092 1535 4174 ἀνθρακοπώ-

254 4199 307 4273 λης
331 4197 417 4258 haud
439 4198 535 4259 facile
558 4199 592 4258 in
615 4197 825 4269 τοσιιιυοποιός
849 4199 1016 4258 mutasset
1038 4198 1201 4258 librarius,

210 4298 261 4359 i'r.
289 4300 339 4360 19.
364 4297 534 4380 ἀμυγδάλαι
565 4303 623 4361 aut
653 4296 828 4379 ἀμυγδάλοις
852 4300 948 4361 malit
971 4301 1035 4376 Bi,
1061 4299 1134 4361 coli.
1159 4300 1197 4360 fr.
1224 4300 1265 4359 25
1290 4301 1323 4359 et
1345 4299 1467 4374 Diphili
1491 4301 1535 4360 IV

231 4400 320 4496 .4.13
334 4401 373 4460 Μ.
398 4401 460 4461 Ρ1ο
479 4401 681 4463 Meinelriano
702 4399 870 4482 ἀμυγδάλια
889 4403 968 4464 facit
987 4417 1129 4476 sequens
1142 4402 1385 4463 deminutivum
1397 4402 1535 4481 τιαρύδια.

211 4502 263 4562 Fr.
289 4504 339 4580 20,
366 4505 395 4564 3.
420 4505 468 4566 Bl.
494 4507 548 4567 cit.
573 4506 711 4567 Philem.
735 4505 780 4566 IV
804 4506 900 4566 4311.

210 4603 261 4664 Fr.
287 4605 340 4666 24.
364 4604 569 4668 coniecturis
588 4607 678 4668 addit
697 4607 784 4669 idem
809 4599 952 4670 <olvov>
968 4602 1085 4680 παρέξω
1099 4602 1248 4683 Λέσβιον,
1267 4609 1345 4665 Χῖον
1364 4603 1481 4684 σαπρὸν
1501 4604 1506 4686 l
1528 4649 1537 4683 ‚

257 4705 384 4784 Θάσιον,
406 4694 634 4772 ψέυᾸυ-ὐ
659 4703 838 4788 Βίβλινον,Ι
862 4706 1031 4784 Μενδαῖον,
1054 4705 1127 4766 ὥστε
1149 4701 1249 4784 μηδέν’
1281 4705 1424 4784 <ὑμῶν>
1452 4729 1534 4786 κραι-

253 4811 361 4867 παλᾶν.
386 4808 537 4886 Βύβλινον
560 4811 649 4870 recte
672 4809 762 4869 dedit
786 4810 891 4886 Kock‚
919 4824 1119 4884 quamquam
1144 4809 1251 4870 torma
1275 4812 1416 4872 deterior
1437 4825 1534 4885 saepe

254 4913 408 4974 traditur.
