3502 5512
825 392 865 463 67

187 586 211 652 F
213 608 238 652 r.
259 593 289 652 b.
310 590 358 652 Bl.
380 587 435 652 cit.
456 589 576 651 Herod.
590 588 677 648 1142
697 585 818 667 γυναικί
838 584 944 666 τράγος
964 583 1095 666 ἐμίσγετο
1112 585 1300 665 ἀναφανδόν.
1319 591 1381 653 Pro
1393 560 1509 668 tragici

230 693 365 770 parodia
385 695 475 754 recte
498 691 595 752 babet
621 689 722 766 idem,
747 690 831 765 quod
856 688 1070 751 confirmatur
1093 691 1306 752 articulorum
1330 693 1489 756 absentia.

188 796 240 857 Fr.
267 797 317 856 13.
342 794 450 855 Etiam
474 787 566 870 ἕστηκ’
593 807 709 853 verum
734 806 808 853 esse
830 807 928 867 posse
951 794 1066 852 monet
1088 792 1137 852 Bl.

189 899 240 959 Fr.
268 898 318 958 14.
346 895 438 972 Apud
468 895 624 955 Photium
655 908 713 969 pro
745 902 784 976 τῷ
814 892 934 976 νυμφίῳ
958 908 1023 954 non
1048 895 1276 968 corrigendum
1299 903 1352 956 τοῦ
1375 896 1512 975 νυμφίου

233 1014 310 1061 cum
332 999 392 1073 Bl,
416 998 474 1059 sed
498 997 605 1058 lenius
627 1005 686 1055 τῶν
711 994 852 1072 νυμφίων
876 1010 918 1056 er
941 995 1202 1072 Harpocratione
1227 997 1301 1073 108,
1325 998 1357 1059 4.

190 1101 241 1162 Fr.
266 1102 318 1161 23.
343 1101 381 1160 In
403 1099 570 1160 Eustatbii
593 1099 665 1159 loco
690 1113 862 1174 perperam
886 1097 935 1158 Bl.
960 1098 1102 1158 coniecit
1125 1094 1278 1174 φυτευθὲν
1295 1115 1353 1174 pro
1374 1100 1515 1178 φιίηθὲ.

189 1202 241 1263 l'r.
266 1203 319 1279 24,
347 1204 375 1262 1.
399 1201 541 1279 τρίίιτρος
564 1215 623 1276 pro
646 1199 796 1277 τρίμετρος
820 1198 868 1259 Bl.
892 1201 926 1260 et
948 1196 980 1258 ἐν
1004 1199 1147 1280 Λεοντίῳ.
1171 1200 1333 1261 Neutrum
1356 1202 1474 1277 placet.

191 1305 242 1366 Fr.
267 1306 308 1366 25
332 1304 373 1365 ad
397 1301 535 1382 Εἰρήνην
558 1302 767 1363 referendum
792 1304 887 1377 putat
909 1301 997 1362 idem
1020 1316 1139 1377 parum
1162 1301 1383 1377 probabiliter.

191 1407 243 1467 Fr.
270 1406 322 1481 32,
348 1406 377 1465 2.
414 1404 476 1465 Ρτο
508 1396 613 1474 εἶδος
643 1403 693 1464 Bl.
724 1399 861 1482 ἅμμος,
894 1401 991 1477 quale
1021 1403 1096 1477 quid
1128 1418 1208 1463 sane
1231 1408 1435 1482 expectatur,
1460 1406 1518 1467 sed

236 1508 341 1568 nimia
363 1508 414 1567 est
437 1506 590 1567 mutatio.
615 1506 786 1566 Fortasse:
818 1508 959 1583 γενναῖον
988 1501 1031 1581 νὴ
1055 1498 1113 1563 Δί’
1140 1501 1235 1582 ὄνομά
1258 1505 1308 1565 σοί
1328 1529 1354 1565 τι
1378 1506 1517 1583 θώμεθα.

235 1609 294 1670 Est
323 1609 413 1669 enim
443 1611 584 1686 γενναῖον
614 1601 710 1682 ὄνομα
734 1606 819 1681 quod
842 1607 991 1680 sequitur
1013 1606 1181 1684 κάτοπτρον
1205 1605 1324 1681 φύσεος.
1350 1642 1390 1652 -—
1415 1608 1471 1668 Vs,
1496 1609 1516 1668 3

236 1714 326 1771 recte
355 1709 404 1770 Bl.
436 1709 490 1769 hic
521 1709 555 1769 et
584 1707 662 1767 alibi
692 1709 766 1782 post
797 1698 855 1785 ἆρα
886 1707 1089 1768 sententiam
1113 1707 1244 1768 ordiens
1267 1710 1359 1784 ponit
1381 1709 1517 1770 interro·

236 1811 335 1887 gandi
358 1811 505 1885 signum,
530 1810 614 1884 quod
636 1808 727 1870 Kock
746 1806 824 1868 data
844 1823 943 1885 opera
961 1809 1081 1883 ubique
1101 1810 1258 1885 neglexit.
1274 1844 1313 1854 —
1328 1810 1383 1871 Vs.
1398 1813 1427 1872 5.
1442 1811 1518 1872 Rec-

237 1914 304 1973 tius
338 1911 385 1972 Bl.
411 1910 497 1970 τίνα
520 1914 636 1983 καλεῖς;
668 1914 704 1968 A.
728 1906 779 1986 σέ,
801 1910 940 1988 φιλτάτη,
975 1913 1033 1971 aul
1063 1909 1092 1969 τί
1120 1931 1155 1987 με
1185 1914 1283 1982 καλεῖς
1306 1910 1359 1989 σὺ,
1382 1912 1519 1989 private,

239 2018 275 2073 A.
299 2007 335 2072 ἵν’
361 2010 550 2089 ἀσπάσωμαι.

194 2115 245 2177 Fr.
270 2117 323 2192 34,
352 2117 379 2177 1.
411 2107 505 2175 τοῦτ’
539 2110 620 2174 ἐστίν
642 2113 696 2175 vel
722 2107 798 2173 τόδ’
826 2109 904 2172 ἐστίν
928 2113 976 2174 Bl.
1001 2113 1085 2175 Illud
1109 2113 1291 2191 soloccum,
1324 2115 1385 2175 boc
1407 2115 1519 2176 minus

237 2216 403 2293 probabile
434 2231 534 2291 quam
564 2230 648 2291 quae
679 2215 734 2276 alii
766 2216 985 2276 coniecerunt.
1011 2249 1052 2259 -
1077 2215 1132 2276 Vs.
1159 2217 1188 2276 2.
1216 2214 1268 2276 τὸν
1300 2220 1396 2287 καλῶς
1421 2215 1521 2276 εὐδαί-

239 2340 326 2396 μονα.
352 2318 495 2394 ,Eadem
518 2318 619 2378 verba
642 2317 724 2377 Men.
748 2317 792 2375 IV
818 2318 891 2377 111.
917 2317 1015 2377 250.”
1040 2317 1088 2377 Bl.

195 2421 246 2482 Fr.
271 2422 325 2482 35.
352 2420 451 2496 ,Post
474 2417 628 2496 στομάτων
651 2418 809 2481 nonnulla
832 2419 986 2479 videntur
1012 2419 1191 2493 excidisse3
1220 2420 1285 2479 nisi
1308 2423 1520 2495 transponen-

239 2522 318 2583 dum
342 2519 440 2600 εὑρεῖν
464 2518 514 2580 διὰ
537 2528 611 2580 τῶν
634 2518 835 2599 σφετέρων
859 2519 1044 2596 στομάτων.”
1068 2521 1117 2580 Bl.
1142 2521 1213 2583 Hoc
1236 2521 1319 2582 satis
1342 2521 1518 2597 probabile.

195 2625 248 2686 Fr.
268 2625 321 2686 37.
346 2623 413 2700 Ope
432 2624 530 2685 buius
549 2622 588 2684 ir.
605 2623 795 2684 Pherecrati
814 2624 856 2684 62
877 2622 999 2684 reddidi
1020 2620 1097 2700 ἥβης
1116 2637 1174 2698 pro
1192 2619 1261 2701 ἤδη.
1275 2657 1315 2666 -
1330 2623 1386 2684 Vs.
1401 2625 1431 2685 2.
1445 2621 1519 2684 ἀντο-

240 2723 350 2802 δεσμὸν
373 2726 512 2788 coniecit
534 2725 598 2803 Bl,
624 2725 697 2787 coll.
717 2726 949 2801 Aristophanis
970 2725 1010 2786 ir.
1035 2726 1110 2801 303,
1138 2726 1195 2800 13;
1220 2727 1296 2787 312.

198 2829 248 2889 Fr.
273 2828 327 2905 41,
352 2829 383 2888 3.
416 2828 501 2888 Hinc
530 2827 705 2907 περίστατον
739 2844 797 2904 pro
831 2826 989 2887 διάστυτον
1013 2828 1045 2886 in
1084 2827 1252 2888 Menandri
1280 2827 1520 2889 1551516315

242 2929 451 2990 scribendum
474 2931 673 3005 suspicatur.
699 2929 761 2992 cst.
785 2928 953 3009 τερίστωσις
978 2928 1095 2991 ΤοίοσΙ.
1121 2931 1173 2991 35.

198 3032 249 3093 Fr.
274 3033 327 3092 43.
359 3032 494 3107 Propter
522 3048 643 3093 nomen
668 3035 825 3110 Δημοφῶν
856 3033 955 3094 huius
979 3033 1167 3093 comoediae
1191 3032 1405 3108 (Pamphilae)
1428 3047 1519 3107 argu·

242 3136 393 3194 mentum
429 3132 597 3195 Choricius
628 3134 660 3193 in
692 3135 839 3195 oratione
873 3133 1012 3210 nuptiali
1042 3133 1111 3210 Ip.
1137 3135 1178 3194 16
1209 3138 1290 3210 (cap.
1318 3135 1368 3204 13)
1400 3133 1520 3194 referre

241 3234 373 3297 videtur
397 3237 579 3298 Foerstero.

198 3337 250 3397 Fr.
275 3337 329 3398 46.
352 3335 518 3419 στρλᾴδιον
541 3353 600 3414 pro
623 3337 790 3416 στηίάδιον
811 3342 900 3399 recte
924 3338 1071 3414 postulat
1093 3337 1142 3402 Bl.

198 3440 250 3500 Fr.
275 3439 327 3514 50,
353 3440 383 3499 2.
410 3439 547 3515 ,Quidni
570 3433 720 3517 κρουμάτί
747 3431 840 3500 οἷαί”
864 3440 913 3500 Bl.

199 3541 250 3601 Fr.
275 3541 328 3601 52.
357 3537 471 3604 (τασδί
494 3539 561 3602 σὺ)
590 3538 641 3612 τὰς
665 3542 763 3602 idem.

199 3643 251 3703 Fr.
276 3643 328 3702 53.
363 3643 388 3702 Ε
419 3643 526 3704 titulis
557 3643 669 3703 atticis
694 3643 893 3703 restituatur
915 3642 1080 3702 vetustior
1103 3641 1210 3701 forma
1231 3635 1453 3711 ’ίίείθυίοω
1478 3673 1520 3681 -

243 3741 303 3822 ἕχον
337 3759 509 3820 perperam
543 3745 689 3821 postulat
720 3745 783 3821 Bl.,
816 3745 870 3818 qui
902 3744 957 3804 cit.
985 3743 1040 3804 Ar.
1065 3743 1162 3817 Vesp.
1188 3743 1262 3803 368.
1294 3742 1383 3803 Bene
1412 3741 1520 3802 locum

244 3846 388 3921 explicat
412 3845 513 3907 Koclr.

199 3947 250 4008 Fr.
276 3948 329 4022 62,
357 3949 372 4005 1
397 3962 467 4021 sqq.
502 3950 749 4023 Asyndetorum
774 3951 950 4010 causaest
980 3949 1230 4023 praeceptorum
1257 3945 1444 4007 diversitas.
1476 3944 1522 4006 (ίί.

245 4063 328 4122 quae
361 4062 465 4122 nuper
498 4051 616 4124 scripsi
651 4052 684 4111 in
719 4051 802 4111 Mus
838 4050 941 4111 Rben.
972 4051 1067 4126 1903,
1099 4064 1128 4124 p.
1157 4049 1229 4108 145.
1261 4047 1382 4107 Totum
1413 4046 1523 4107 locum

244 4151 367 4225 optime
399 4153 556 4212 tractavit
588 4153 693 4229 Kock,
728 4168 789 4213 nec
823 4152 981 4212 debuerat
1010 4152 1059 4212 Bl.
1090 4151 1228 4228 probare
1260 4150 1416 4224 scaligeri
1451 4164 1522 4210 con·

245 4251 407 4313 iacturam
431 4251 582 4313 εὐτοιίίαν
607 4260 667 4324 (vs.
692 4257 736 4327 5),
762 4269 822 4315 nec
845 4254 915 4328 ipse
939 4254 1086 4314 conicere
1109 4250 1163 4329 τὴν
1188 4252 1303 4310 νοιίίνν
1327 4255 1387 4322 (vs.
1413 4254 1453 4321 5).
1478 4250 1524 4311 De

245 4354 409 4415 locutione
432 4353 494 4437 ῥᾴω
517 4348 594 4415 εἶναι
640 4357 695 4417 cit.
720 4354 889 4417 Demostb.
914 4371 945 4431 p.
970 4358 1012 4416 56
1037 4358 1069 4416 et
1093 4354 1267 4430 Philippid.
1300 4355 1338 4415 l'r.
1371 4354 1421 4427 18,
1447 4354 1465 4412 2
1491 4355 1525 4412 et

246 4454 337 4517 Gom.
362 4457 472 4531 adesp.
497 4458 573 4518 478.

201 4558 253 4619 Fr.
277 4560 331 4619 63.
355 4557 490 4620 diocte>
517 4580 567 4634 μοι
591 4558 692 4618 δοκεῖν
714 4574 846 4619 mecum
871 4558 934 4634 Bl,
959 4558 1062 4618 silens
1085 4573 1198 4618 meum
1223 4572 1353 4618 nornen.

202 4660 253 4721 Fr.
278 4661 330 4721 64.
355 4658 416 4720 Ost.
442 4661 490 4722 Bl.
515 4661 570 4722 Ar.
595 4663 677 4722 Acb.
703 4662 762 4734 70;
786 4660 842 4735 Eq.
868 4662 950 4734 785;
974 4660 1110 4721 Theocr.
1135 4659 1195 4719 XV
1220 4660 1271 4719 28.
1289 4691 1326 4699 -
1348 4655 1396 4717 ἐντί
1419 4662 1527 4739 τρικλι-

247 4761 314 4822 νίου
337 4763 409 4822 sine
432 4764 633 4824 necessitate
657 4763 827 4839 proposuit
849 4762 947 4822 idern.

202 4864 253 4926 Fr.
277 4866 331 4925 65.
354 4864 511 4939 Displicet
535 4864 708 4939 Blaydesio
727 4864 760 4923 in
781 4863 896 4923 Koclrii
919 4857 1267 4937 οοηίοοίοτοἝίίηννς
1286 4862 1359 4923 sine
1379 4861 1527 4922 articulo.

247 4965 348 5041 Quem
376 4967 498 5026 rectius
522 4968 646 5028 addunt
669 4965 815 5026 Meineke
840 4968 873 5025 et
897 4967 1029 5026 Porson.
1089 4978 1094 4987 ·
