3502 5512
798 356 859 416 155

211 537 302 599 tiano
321 539 519 613 quidnam
540 538 662 599 audio
682 555 782 613 quam
803 539 888 614 quod
907 537 1066 598 Dziatzko
1085 536 1255 615 proposuit
1273 534 1303 593 ιί
1318 527 1380 593 ποτ’
1395 530 1485 592 ἀκού-

211 654 316 717 copem
340 640 494 700 -Idem
516 639 555 700 ir.
581 641 622 700 44
647 640 744 701 malit
765 634 909 700 τάνθένδ’
935 641 993 700 aut
1015 637 1087 698 τούν
1109 634 1209 697 θένδε.

166 739 217 800 Er.
242 742 295 800 47.
321 741 368 801 Bl.
393 739 470 801 οὕτω
498 739 613 820 <γδιρ>
641 732 728 813 οὗτός
752 739 831 802 ἔστιν
854 741 920 813 (vel
942 738 1020 800 ἔστιν
1043 732 1152 808 οὗτος).

167 842 218 902 rr.
244 843 297 918 48,
323 843 353 903 2.
378 840 513 919 εὐπόρως
536 843 634 903 idem.

256 941 412 1008 Andriae
435 944 631 1019 fragmentis
652 945 794 1006 fortasse
819 945 1003 1006 addendum
1028 944 1066 1004 ir.
1091 943 1200 1018 adesp.
1224 944 1299 1019 584,
1324 942 1380 1002 ubi
1403 941 1487 1001 vide.

166 1044 218 1104 Fr.
242 1045 294 1104 59.
318 1053 371 1104 τοῦ
395 1050 617 1117 νουθετοῦντος
640 1045 753 1122 κωφόν.
778 1046 826 1107 Bl.
851 1056 890 1129 τῷ
910 1050 1114 1106 νουθετοῦντι.
1140 1045 1172 1104 Si
1196 1059 1299 1104 sanus
1322 1045 1374 1104 est
1393 1057 1486 1118 gene·

209 1146 312 1222 tirus,
336 1144 438 1223 κωφός
462 1148 548 1207 huno
572 1163 686 1209 casum
710 1149 863 1222 adscivit,
889 1149 966 1223 quia
988 1145 1154 1223 significat
1175 1145 1207 1207 h.
1231 1147 1252 1206 l.
1279 1143 1334 1205 σάκ
1357 1140 1487 1204 ἀκούων.

212 1247 274 1308 Pro
308 1245 369 1324 ἀμσι
403 1252 491 1310 recte
525 1249 639 1310 Nauck
668 1251 776 1311 suasit
797 1248 825 1309 σι’
849 1251 869 1311 i.
895 1265 921 1311 e.
954 1245 1012 1325 ivl,
1042 1263 1100 1323 pro
1129 1244 1179 1306 nul
1213 1245 1289 1307 θεὸν
1317 1245 1394 1329 λόγῳ
1417 1245 1488 1321 ipse

211 1351 341 1423 requiro
364 1345 421 1408 κάν
448 1346 518 1421 θεὸς
549 1343 583 1433 ᾖ,
605 1349 696 1435 λόγῳ,
720 1352 848 1413 etiam
879 1352 915 1412 si
946 1365 1051 1411 unus
1083 1348 1158 1409 ille
1181 1348 1279 1409 deus
1303 1348 1371 1408 sit.
1402 1347 1487 1406 Nam

210 1450 377 1525 Blaydesii
401 1453 588 1513 coniectura
611 1448 669 1512 κάν
692 1450 764 1525 θεὸς
787 1450 872 1536 λέγςῃ
895 1468 961 1514 non
984 1450 1116 1512 suflicit.
1141 1449 1288 1510 Scribam
1311 1450 1425 1524 igitur:

877 1553 967 1630 φύσει
990 1551 1046 1632 γάρ
1070 1546 1121 1611 ἐστ’
1147 1549 1220 1629 ἔρως

455 1662 508 1714 τοῦ
531 1660 752 1728 νουθετοῦντος
774 1654 889 1732 κωφόν·
913 1653 957 1716 ἑνὶ
981 1649 1008 1714 δ’
1036 1652 1073 1714 οὐ
1097 1652 1203 1736 ῥᾴδιον

456 1754 580 1832 νεότητα
603 1766 691 1816 νικᾶν
716 1755 789 1835 ἐστι,
811 1754 868 1817 κᾶν
891 1754 965 1828 θεὸς
989 1748 1023 1839 ᾖ,
1045 1754 1132 1837 λόγῳ.

167 1856 217 1916 Fi.
243 1858 295 1917 61.
454 1854 470 1917 δ
494 1856 591 1934 φανός
615 1855 673 1918 ἔστι
698 1857 801 1935 μεστὸς
824 1857 934 1930 ὕδατος
957 1854 1074 1933 οὑτοσί,

455 1958 503 2018 δεῖ
522 1953 542 2017 τ’
569 1957 634 2037 οὐχί
658 1960 747 2019 σείειν
770 1957 865 2019 ἀλλὰ
888 1958 1051 2019 ττοδιειν
1075 1956 1206 2017 αὐτόν.

211 2043 355 2134 Recepta
390 2064 441 2120 est
476 2061 616 2121 Bentleii
651 2061 810 2122 correctio
845 2055 904 2120 ἀλλ’
942 2057 1147 2119 ἀποσείειν
1182 2056 1370 2131 αὐτόθεν,
1404 2072 1487 2130 quae

212 2164 324 2221 tamen
347 2161 492 2237 intellegi
518 2164 645 2240 nequit,
671 2164 735 2223 nisi
759 2164 925 2223 sumimus
947 2164 980 2223 in
1005 2162 1157 2236 proximo
1181 2175 1280 2220 versu
1307 2158 1409 2218 fuisse
1433 2160 1491 2218 aut

212 2259 337 2340 θοάδορ
371 2265 429 2323 aut
463 2265 547 2338 quod
583 2265 670 2325 idem
701 2264 877 2340 significet,
910 2264 968 2324 sed
998 2263 1082 2337 quod
1112 2277 1170 2336 pro
1200 2259 1331 2321 αὐτόθεν
1354 2258 1489 2319 rescribi

212 2363 310 2424 iussit
333 2365 380 2425 Bl.
404 2362 557 2437 θοῦδατος
580 2366 660 2428 ferri
683 2367 818 2428 omnino
842 2367 965 2441 nequit.
989 2366 1074 2425 Num
1100 2363 1184 2424 iorte
1207 2363 1283 2423 fuit:

458 2466 506 2526 δεῖ
524 2462 544 2527 τ’
571 2465 638 2546 οὐχὶ
662 2468 751 2528 σείειν
776 2467 881 2544 αὐτόν,
905 2461 963 2527 ἀλλ’
991 2462 1205 2536 ἀποσειστέοςά

213 2580 254 2624 an
282 2567 480 2641 simplicius:
507 2567 554 2627 δεῖ
572 2563 592 2627 τ’
620 2567 687 2647 οὐχὶ
710 2569 800 2629 σείειν
830 2563 890 2628 ἀλλ’
914 2566 1065 2627 ἀποσείειν
1095 2565 1201 2642 αὐτόν,
1223 2587 1263 2642 v,
1289 2568 1325 2625 ut
1355 2579 1489 2625 versum

212 2668 322 2728 citarit
346 2669 536 2730 Athenaeus
563 2686 628 2732 uon
651 2670 799 2748 plenum,
824 2672 922 2747 plena
944 2670 1111 2732 sententia
1137 2670 1323 2729 contentus
1349 2665 1438 2741 Quod
1461 2666 1490 2725 si

213 2768 261 2828 ita
292 2769 350 2847 sit,
386 2767 537 2830 ἀποσείειν
568 2773 676 2847 magis
707 2774 904 2848 respondeat
935 2775 1048 2834 nostro
1080 2768 1363 2831 uitschudden
1390 2781 1489 2841 quam

213 2870 491 2950 asschudden,
524 2890 587 2948 quo
622 2889 722 2935 sensu
756 2872 879 2934 ἐκσείειν
910 2874 1043 2935 adhibet
1073 2870 1271 2932 Plutarchus
1301 2870 1422 2930 Anton.
1448 2868 1489 2928 79

214 2974 246 3032 et
270 2973 387 3034 Timol.
416 2976 466 3035 15.
1336 2993 1338 2997 ’

170 3073 220 3134 i'r.
247 3075 299 3149 65,
324 3079 354 3136 4.
380 3076 451 3137 Vid.
476 3076 590 3138 Nauck
614 3078 686 3138 Mel.
713 3078 755 3137 VI
779 3094 809 3154 p.
837 3079 909 3139 108.

169 3173 220 3234 Fr.
245 3177 298 3251 67,
326 3177 340 3234 1
367 3193 414 3252 sq.
440 3178 587 3240 Meineke
611 3180 665 3240 cit.
690 3180 841 3241 Nicstam
866 3180 966 3240 Ohon.
992 3195 1022 3255 p.
1047 3180 1122 3255 514,
1150 3173 1201 3239 12.

170 3275 221 3336 Fr.
246 3278 298 3354 68,
327 3280 353 3339 l.
379 3280 426 3341 Bl.
451 3278 485 3338 τὰ
505 3277 559 3357 μὲν
578 3291 700 3364 nareae
729 3280 853 3361 <γάρ>.
867 3316 908 3324 -
928 3281 984 3341 Vs.
1007 3282 1036 3341 2.
1062 3280 1152 3340 Koch
1173 3278 1319 3339 conludii
1341 3277 1491 3337 notiones

211 3378 360 3439 diversas
385 3381 620 3444 vocabulorum
651 3383 753 3461 καιρός
783 3387 817 3445 et
846 3382 952 3461 χρόνος
980 3383 1145 3443 coniciens
1176 3378 1276 3463 χρῴζει
1309 3395 1367 3455 pro
1398 3376 1491 3460 σῴζει.

213 3479 328 3540 Melius
353 3481 460 3542 devini
479 3486 649 3559 proposuit
669 3486 829 3562 *Meiueke

170 3579 221 3641 Fr.
246 3582 299 3658 69,
325 3583 354 3643 2.
379 3584 464 3660 Lege
491 3608 545 3645 νυν
570 3602 646 3647 cum
672 3587 858 3661 Blaydesio.

170 3681 220 3742 Fr.
246 3684 298 3760 70,
324 3687 353 3746 2.
389 3688 569 3762 Antiquum
591 3691 723 3763 poetam
746 3690 854 3749 dicere
874 3688 1020 3763 potuisse
1044 3682 1214 3762 ὁλσίήσων
1236 3683 1308 3754 θεός
1332 3698 1404 3743 cras
1428 3697 1492 3742 cre·

215 3784 304 3861 dam,
337 3788 477 3849 necdum
509 3804 563 3849 me
593 3792 738 3865 poenitet
771 3790 951 3852 coniecisse
981 3785 1039 3847 ἐστι
1070 3797 1129 3848 τῶν
1158 3794 1292 3866 χρηστῶν
1322 3783 1403 3856 θεός.
1427 3784 1491 3843 Vix

213 3887 335 3948 saltem
369 3889 519 3951 sulficere
553 3892 683 3953 videtur
716 3895 847 3968 propter
882 3905 1074 3968 praegressa
1107 3890 1205 3951 lectio
1236 3888 1379 3947 monost.
1411 3886 1490 3961 432,

214 4005 313 4063 quam
351 3991 507 4053 substitui
542 3993 632 4054 iubet
666 3993 731 4070 Bt,
769 3994 824 4069 qui
859 3994 892 4053 in
928 3992 1141 4053 Addeudis
1175 4007 1205 4067 p.
1241 3990 1306 4050 340
1341 3988 1493 4064 proponit

216 4086 446 4170 ἀνθρώπων.

171 4191 221 4251 lh.
247 4193 289 4251 70
312 4193 373 4254 ab.
405 4194 544 4256 Choricii
577 4197 675 4258 verba
713 4197 919 4257 Menandreis
954 4195 1094 4255 fortasse
1127 4194 1204 4256 licet
1238 4194 1291 4253 his
1325 4192 1492 4253 includere

215 4295 381 4355 numeris:

504 4397 620 4459 δέδοικε
643 4398 683 4476 μὴ
708 4408 767 4459 τῶν
790 4397 881 4459 ἔνδον
905 4398 1019 4475 οἴχηται
1043 4395 1144 4475 φέρων

506 4496 668 4572 δκαττνός.

260 4601 459 4659 fauisor.
492 4602 600 4662 Huius
626 4603 756 4663 fabulae
781 4602 900 4663 bonam
926 4604 1052 4676 partem
1077 4616 1094 4660 e
1117 4616 1240 4674 papyro
1264 4601 1343 4673 Aeg.
1367 4598 1493 4674 primus

214 4702 316 4762 edidit
349 4703 473 4779 Nicole,
510 4706 583 4777 post
618 4720 716 4778 quem
757 4702 840 4764 Weil
879 4703 999 4777 aliique
1037 4703 1099 4761 viri
1130 4702 1216 4761 docti
1251 4700 1349 4761 multi
1384 4698 1492 4760 turba·

215 4805 287 4863 tum
310 4807 441 4865 textum
472 4806 594 4865 rectius
624 4806 876 4866 constituerunt.
905 4805 975 4864 Non
1007 4820 1049 4864 ex
1080 4804 1218 4879 Georgo,
1251 4804 1308 4863 sed
1340 4817 1357 4862 e
1383 4800 1494 4861 fabula

213 4906 334 4966 similis
364 4907 564 4983 argumenti,
595 4910 746 4968 sumtum
778 4908 830 4968 est
860 4921 1020 4981 magnum
1051 4905 1274 4979 fragmentum
1303 4905 1335 4964 in
1360 4902 1494 4979 papyris
