3502 5512
815 369 877 428 207

185 557 237 615 Fr.
262 555 337 628 338,
365 556 393 615 1.
424 555 472 615 Bl.
503 558 658 616 revocata
688 556 810 616 tradite
839 555 981 617 lectione
1012 547 1186 627 διαφανέσι,
1217 549 1356 609 coniecit
1388 545 1505 625 χλανίσι

231 651 264 714 δὲ
298 653 457 729 διαφανέσι
485 667 572 719 <τε>
607 653 959 735 περιβεβλημένοι,
994 654 1067 715 coll.
1103 652 1157 712 Ar.
1188 652 1264 724 LyS.
1300 649 1335 708 τὰ
1370 650 1504 724 διαφανῆ

231 757 363 835 χιτώνια,
398 757 452 816 ubi
482 761 594 818 tamen
625 757 665 817 de
696 758 786 818 cultu
817 758 926 832 agitur
950 754 1159 816 muliebri.
1186 754 1225 813 lit
1250 767 1364 813 versus
1388 767 1503 826 parum

231 861 283 918 est
317 859 513 919 modulatus,
549 858 702 919 Ceterum
733 856 977 936 περιβεβλημένοι
1009 863 1077 932 (pro
1107 851 1367 932 περιπιπεμμένοι)
1397 854 1506 928 aptius

233 961 359 1020 videtur
382 975 480 1034 quam
506 960 632 1021 Heinsii
656 961 842 1023 coniectura
864 955 1134 1036 περιπεπλεγμένον.
1157 991 1194 999 -
1217 957 1263 1015 De
1285 971 1361 1016 voce
1381 953 1505 1030 μαστίχη

232 1063 317 1122 idem
349 1063 403 1122 cit.
436 1063 568 1122 Lucian.
601 1063 674 1122 adv.
705 1062 825 1123 indoct.
850 1063 902 1122 23.
930 1095 968 1104 -
994 1060 1049 1120 Vs,
1074 1062 1105 1119 4.
1138 1059 1284 1118 Praefert
1308 1075 1338 1117 v.
1363 1056 1383 1116 l.
1416 1078 1505 1114 κοτα-

232 1161 443 1240 κεπλασμένως.
1076 1172 1079 1179 “

188 1266 238 1324 Fr.
264 1266 338 1339 346,
364 1266 393 1324 2.
426 1264 614 1339 Simplicius
645 1264 677 1323 in
701 1264 802 1325 Arist.
827 1263 937 1339 Categ.
962 1263 1033 1325 877)
1058 1264 1100 1323 36
1124 1263 1173 1322 ed.
1199 1262 1270 1321 Ber.
1295 1259 1394 1319 habet
1416 1256 1505 1328 καλός

230 1361 253 1444 γ’
280 1362 296 1425 ὁ
323 1364 495 1443 Πειραιεύς,
517 1365 680 1425 indicante
704 1365 862 1440 Nauckio‚
887 1365 938 1426 cui
962 1381 1011 1426 vs.
1033 1366 1052 1424 5
1073 1365 1212 1424 fortasse
1233 1362 1328 1422 alteri
1349 1375 1506 1435 personae

230 1469 422 1529 tribuendus
447 1467 583 1542 videtur,
609 1468 686 1541 quia
708 1467 806 1527 aliter
828 1461 855 1526 ελ
875 1470 1116 1542 expectaretur.
1143 1465 1338 1525 verissime!

186 1570 237 1631 Fr.
262 1571 337 1644 341,
365 1572 379 1628 1
406 1572 439 1628 et
463 1569 492 1628 2.
514 1567 595 1628 Cum
619 1568 668 1629 Bl.
704 1568 886 1643 probabiles
917 1569 999 1630 duco
1028 1568 1146 1628 Naberi
1178 1567 1382 1626 coniecturas
1409 1568 1506 1641 τοῖχον

231 1687 288 1746 pro
319 1669 421 1749 βωμόν
452 1673 486 1730 et
515 1667 615 1746 εὑρὼν.
643 1685 701 1745 pro
731 1667 813 1748 ἔχων.
841 1704 879 1714 -
905 1671 959 1730 VS.
992 1674 1023 1731 4.
1052 1669 1152 1729 Recte
1184 1666 1397 1743 τιθέμενοι-
1425 1687 1506 1736 τινος

232 1773 316 1832 tueri
340 1773 467 1833 videtur
490 1772 591 1831 Koclr.

188 1874 237 1934 l'r.
263 1876 337 1949 346,
364 1876 393 1933 2.
419 1873 560 1933 Versum
584 1873 789 1948 ineptissime
813 1873 959 1933 additum
982 1872 1100 1932 merito
1120 1871 1311 1946 proscripsit
1328 1869 1450 1929 Nauck.
1466 1902 1506 1910 -

232 1974 287 2035 Va.
323 1976 353 2035 3.
397 1972 490 2033 αὐτοῦ
533 1975 643 2035 nescio
686 1990 728 2034 an
769 1977 858 2035 recte
901 1975 1045 2048 requirat
1080 1973 1143 2046 Bl.;
1179 1975 1348 2048 praeterea
1382 1971 1507 2044 corrige

233 2068 422 2154 γέ<γ>νεθ’.

190 2176 240 2235 7ο.
266 2177 328 2236 347
344 2191 372 2235 a.
401 2176 471 2236 Hoc
494 2176 731 2252 fragmentum,
757 2192 822 2237 non
845 2177 884 2237 ir.
909 2178 974 2236 474
999 2181 1045 2245 (ut
1070 2175 1156 2235 male
1180 2176 1279 2236 refert
1291 2174 1352 2243 Bi.)
1376 2176 1507 2248 propter

233 2279 393 2338 acrisium
417 2275 474 2353 έφν
499 2279 685 2338 comoediae
709 2278 901 2338 abiudicari.

191 2379 240 2438 Fr.
267 2381 341 2456 318,
368 2381 397 2440 2.
423 2379 469 2441 Of.
494 2380 620 2454 Nauck,
648 2379 718 2440 Mel.
745 2380 787 2437 Vl
809 2395 839 2453 p.
868 2382 940 2440 160.

189 2481 239 2540 Fr.
264 2483 338 2557 349,
366 2483 393 2542 1.
419 2482 543 2541 Vitium
568 2482 740 2542 metricum
767 2480 937 2540 scribendo
961 2478 990 2551 ἐς
1019 2476 1107 2541 cii>
1136 2480 1278 2539 correxit
1302 2480 1398 2539 idem.

189 2582 239 2642 Fr.
264 2584 330 2643 360
364 2582 479 2657 tragici
514 2598 587 2642 esse
620 2582 756 2642 videtur.
790 2583 922 2655 Legitur
958 2596 1034 2641 vero
1066 2582 1143 2641 Mor.
1176 2598 1205 2656 p.
1231 2583 1332 2655 34Α,
1365 2581 1404 2641 de
1432 2580 1505 2640 aud.

233 2683 350 2756 poetis.
376 2717 416 2726 -
441 2683 496 2742 Vs.
522 2685 551 2742 2.
577 2682 770 2758 scripserim
795 2681 871 2741 ὅπου
896 2691 993 2765 προσῇ
1018 2705 1043 2740 ιι
1066 2688 1135 2756 (pro
1159 2680 1201 2752 τὸ)
1225 2681 1339 2753 κάλλος.

190 2783 240 2843 Fr.
266 2785 341 2844 362.
367 2784 413 2845 Cf.
438 2785 548 2844 Nauck
573 2784 627 2843 l.l.

187 2883 238 2944 rr.
264 2886 339 2946 363.
365 2885 447 2945 Cum
471 2886 518 2947 Bl.
543 2885 671 2959 legatur
698 2882 754 2944 ὑπὸ
780 2892 831 2962 τῆς
853 2893 916 2964 γῆς.

187 2984 238 3045 rr.
264 2988 338 3061 364,
361 2987 391 3046 2.
415 2994 478 3057 πῶς
509 2985 545 3046 οὐ
576 2984 695 3065 περιττὰ
725 2984 789 3045 καλ
820 2986 1000 3058 παιδιαῖς
1032 2984 1304 3065 προσεοικότα.
1329 2985 1507 3061 corrigitur

232 3095 294 3158 πῶς
336 3087 371 3147 οὐ
416 3086 534 3165 περιττὰ
574 3089 756 3160 παιδιαῖς
791 3083 811 3147 τ’
849 3087 1018 3149 ἐοικότα.
1055 3089 1116 3151 Sed
1151 3091 1325 3163 suspectae
1360 3090 1439 3147 Sunt
1473 3088 1505 3145 in

232 3190 399 3249 comoedia
418 3190 541 3250 formae
565 3187 691 3249 έοιιιέναι
719 3193 753 3251 et
775 3188 892 3266 έοιιιώς,
914 3193 1024 3265 itaque
1047 3190 1162 3251 malim
1187 3194 1244 3249 aut
1267 3188 1398 3266 περιττά,
1423 3210 1507 3246 πνι-

232 3288 337 3361 δλαις
360 3290 600 3366 προσεικότα
623 3294 680 3351 aui
703 3289 821 3368 περιττὰ
844 3291 1052 3351 παιδιαῑσί
1072 3285 1092 3349 τ’
1119 3289 1262 3349 εἰκότα.

188 3392 238 3450 Fr.
263 3393 338 3452 360.
496 3389 556 3450 ἀπὸ
579 3399 630 3468 τῆς
653 3391 791 3474 πατρῴας
815 3390 909 3465 ἑστίας
934 3390 1075 3470 ἐξέρχεται

501 3490 578 3551 κάτω
601 3490 739 3567 κεκυφὼς
763 3490 826 3550 καὶ
850 3492 1000 3570 μηδένα
1024 3503 1097 3553 τῶν
1121 3491 1385 3551 ἀπαντώντων

464 3592 466 3597 ’
502 3590 537 3663 ἐξ
562 3590 747 3652 ἐναντίου
771 3592 1036 3671 προσβλέπων.

236 3693 284 3752 Ex
308 3692 359 3752 lris
383 3693 540 3763 [luciani]
565 3694 676 3754 Amor.
702 3696 743 3754 44
769 3695 876 3754 verbis
899 3696 1079 3756 effecerunt
1102 3710 1187 3754 uss:

501 3793 579 3853 κάτω
603 3794 739 3871 κεκυφὼς
762 3788 909 3856 κούδέν’
936 3794 972 3869 ἕξ
997 3795 1185 3856 ἐναντίου

501 3905 713 3973 προσορῶν.

236 4000 279 4059 At
302 4013 370 4060 nou
394 3997 442 4057 sic
464 4012 580 4071 graece
603 3999 730 4074 dicitur,
756 4000 812 4060 sed
841 3997 1108 4078 προσβλέπειν
1133 3996 1313 4059 ένονιέον
1336 3998 1429 4072 ιινί,
1452 4002 1510 4058 aut

235 4096 504 4178 ἀντιβλέπειν,
533 4115 633 4173 quare
664 4099 760 4174 longe
784 4103 984 4176 praestiterit
1007 4102 1079 4162 sola
1101 4102 1201 4161 verba
1225 4100 1284 4161 ἀπὸ
1310 4136 1347 4144 -
1373 4099 1508 4172 κεκοφώς

235 4205 363 4276 poetae,
388 4201 459 4259 sive
483 4201 607 4261 comico
631 4201 701 4262 sive
725 4204 864 4285 tragico,
889 4203 1044 4279 tribuere,
1070 4202 1195 4276 reliqua
1218 4205 1279 4278 ipsi
1304 4203 1464 4278 scriptori.

191 4303 241 4361 Fr.
267 4303 341 4375 374,
368 4302 397 4361 2.
423 4300 470 4360 Bl.
494 4297 603 4360 τᾶνδον
626 4317 683 4377 pro
706 4299 857 4362 ιένδοοεν
880 4305 989 4364 nescio
1013 4319 1054 4364 an
1077 4307 1175 4364 recte.

191 4404 240 4463 l'r.
266 4405 341 4478 376,
367 4404 397 4462 2.
423 4402 515 4463 Idem
539 4402 632 4462 πόνοι.
657 4403 723 4477 Ego
747 4403 830 4464 facio
855 4420 930 4465 cum
955 4405 1113 4465 Meinelrio
1137 4408 1171 4465 et
1194 4405 1323 4466 (lobeto.

191 4505 240 4565 Fr.
267 4506 306 4565 37
311 4508 341 4565 6.
364 4504 412 4565 Bl.
437 4520 501 4564 non
524 4508 671 4579 mutans,
697 4505 754 4565 sed
774 4508 991 4580 transponens
1013 4505 1110 4566 verba
1130 4505 1323 4581 Clementis,
1345 4507 1508 4580 proponit:

502 4599 517 4662 δ
545 4600 657 4681 (μὲν)
685 4603 774 4676 ἵππος
798 4604 892 4666 αὐτοῦ
905 4653 1010 4666 ......

502 4703 608 4764 ἕστλν
632 4706 783 4766 ταλάντων
806 4705 1003 4769 πεντεκαιδειέ
1028 4707 1110 4782 ἄξιος

234 4808 296 4868 Sed
320 4824 385 4868 non
409 4807 578 4867 ferendum
603 4807 731 4868 videtur
754 4810 913 4871 auxiliare
934 4811 1071 4872 verbum
1091 4809 1168 4870 ἐστίν
1189 4812 1222 4871 in
1241 4811 1382 4871 trimetri
1403 4811 1508 4881 initia,

234 4909 289 4970 ubi
312 4911 435 4984 optime
454 4908 585 4983 ponitur
603 4905 695 4985 έσιιν,
719 4910 883 4971 existit.
904 4910 1003 4973 Recte
1023 4916 1134 4973 tamen
1154 4912 1389 4973 animadvertit
1409 4911 1508 4984 male,
