3502 5512
813 365 873 425 191

227 552 366 632 θνμήριοι.
391 555 497 616 Minus
520 553 628 629 piacet
650 555 735 627 quod
759 569 808 615 vs.
833 557 853 614 4
877 571 934 630 pro
958 552 1053 614 eirea
1081 552 1218 627 requirit
1242 548 1325 611 εννεὶ
1349 552 1400 612 vei
1424 546 1500 611 τοῦτ’

227 646 275 731 εὖ,
304 656 359 717 ubi
390 657 418 717 si
447 655 523 729 quid
548 655 757 731 mutandum,
783 655 899 715 malim
923 656 1044 729 ιούεον,
1067 654 1136 714 scii.
1162 661 1214 711 τοῦ
1238 651 1503 731 προσπεπονθέναι

228 780 262 815 ιι.
286 758 421 818 inutilia
444 756 598 817 videntur
621 758 711 817 vso
735 760 768 816 et
788 759 807 817 9
832 757 979 818 eiusdem
997 757 1183 818 tentamina
1201 750 1258 815 οὔτ’
1280 751 1318 813 δν
1337 759 1370 816 et
1389 755 1503 834 χῶσπερ

230 863 262 919 ο1
286 857 394 919 ἴνεεινε
418 861 476 919 aut
499 855 702 934 ἐντεινάμενος
726 851 761 916 ἵν’
785 853 914 940 ἁρμόσῃ,
939 860 973 919 et
992 872 1040 918 vs,
1058 859 1094 917 11
1117 856 1341 931 improbabilis
1361 857 1506 918 violenta

228 961 370 1022 mutatio
393 961 537 1036 corrupti
560 958 657 1039 εἴσοιμε
685 960 717 1019 in
742 958 932 1034 οά11ε,οαο
955 959 1116 1034 admisso,
1142 972 1205 1018 non
1233 958 1344 1017 minus
1367 958 1506 1019 obscura

228 1066 343 1124 manet
365 1063 541 1123 sententia.

183 1261 332 1328 Batonis
356 1262 394 1323 ir.
422 1265 450 1336 1,
475 1264 505 1322 2.
538 1263 754 1323 Probabiiiter
785 1261 895 1322 Nauck
924 1259 973 1320 διὰ
997 1257 1097 1332 ιε’1ονς
1121 1265 1188 1335 (pro
1212 1259 1305 1337 βίον),
1332 1260 1403 1320 coil.
1428 1261 1501 1322 Eur.

228 1365 267 1426 ir.
293 1365 375 1437 273;
399 1363 539 1424 Philem.
565 1365 616 1439 88,
643 1366 673 1424 3.
699 1367 735 1437 43
762 1362 960 1424 Moschionis
984 1363 1022 1424 ir.
1050 1364 1100 1439 10,
1127 1364 1145 1421 2
1171 1363 1215 1432 (F.
1229 1362 1263 1423 T.
1278 1362 1313 1423 G.
1338 1379 1368 1437 p.
1394 1364 1479 1431 816).

184 1468 235 1528 Fr.
261 1467 290 1541 2,
318 1469 346 1526 l.
371 1465 524 1541 Speciose
547 1464 595 1524 Bl.
621 1472 679 1522 τῶν
703 1462 880 1539 φιλοσόφων
906 1462 998 1535 [τοὺς]
1026 1463 1186 1540 σώφρονας
1207 1459 1262 1541 ἐγὼ
1287 1462 1409 1533 τούτους
1435 1469 1502 1538 (pro

228 1565 384 1637 ἐνταυθοῖ)
408 1569 487 1625 καλῶ
507 1564 513 1643 Ι
534 1565 603 1636 τοὺς
627 1562 682 1624 κτὲ.
704 1599 744 1605 —-
767 1565 820 1625 Vs.
846 1566 876 1625 2.
897 1565 997 1626 Recte
1020 1565 1165 1625 defendit
1188 1563 1253 1639 aul,
1275 1564 1359 1638 quod
1384 1566 1504 1624 iniuria

227 1671 306 1732 oiim
331 1669 363 1728 in
387 1665 443 1726 ιάν
468 1667 649 1728 mutabam.
675 1666 721 1728 Cf.
746 1668 784 1727 fr.
810 1670 839 1743 o,
868 1669 907 1726 14
931 1683 979 1740 sq.
1002 1701 1036 1708 -
1063 1667 1118 1727 Vs.
1141 1667 1170 1726 8.
1196 1666 1260 1727 Cur
1279 1670 1376 1749 ιιο11ῷ
1397 1668 1502 1727 eidem

226 1773 394 1847 praestare
418 1769 568 1829 videatur
590 1768 705 1829 leniori
729 1783 823 1829 meae
847 1768 1052 1828 coniecturae
1076 1778 1173 1850 συχνῷ
1202 1774 1269 1843 (pro
1292 1773 1414 1839 σννεοῦ)
1439 1769 1502 1828 vel·

225 1874 292 1934 lem
323 1870 555 1946 significasset.
588 1870 739 1931 Ceterum
774 1871 922 1943 ignorare
947 1869 1075 1929 videtur·
1098 1869 1182 1943 quod
1206 1872 1321 1945 postea
1344 1870 1413 1944 ipse
1437 1870 1501 1929 teli·

227 1977 297 2035 cius
330 1974 538 2051 proposuisse
577 1973 659 2033 milii
695 1973 821 2033 videor:
858 1970 886 2030 τί
919 1970 1078 2049 τάργύριον
1109 2004 1152 2041 ,--
1182 1971 1352 2048 τιμιώτερον
1386 1970 1503 2043 αὐτὸς

227 2074 362 2147 τέθεικας
386 2076 417 2146 (1.
442 2072 582 2151 τέθηκας)
606 2071 625 2152 ἢ
649 2071 763 2148 πέφυκε
783 2082 817 2155 τῇ
838 2073 943 2147 φύσεις
962 2073 1008 2134 Do
1028 2073 1228 2133 abundantia
1248 2074 1287 2133 of.
1309 2074 1406 2148 Soph.
1421 2074 1501 2133 Phil.

228 2180 269 2238 79
294 2175 393 2249 ἔξοιδα
418 2174 467 2235 καὶ
491 2176 580 2250 φύσει
603 2192 634 2236 σε
658 2173 698 2252 μὴ
721 2173 875 2250 πεφυκότα
898 2182 1021 2234 τοιαῦτα
1045 2179 1167 2250 φωνεῖν.

186 2280 237 2341 Fr.
263 2281 293 2354 3,
319 2281 349 2339 2.
485 2275 534 2336 aul
558 2276 693 2356 Λεσβίου
715 2276 874 2355 χυτρῖδε
897 2274 1117 2354 λαμβάνειν
1142 2276 1206 2336 δύο.

230 2381 364 2456 Quando
394 2396 516 2454 quaeso
548 2379 633 2440 olla
663 2381 715 2440 est
739 2394 797 2438 vas
821 2378 1013 2439 vinarium?
1036 2378 1220 2439 offendisse
1244 2381 1310 2438 iam
1336 2378 1430 2438 video
1453 2379 1501 2438 Bi.

229 2485 304 2557 apte
340 2482 557 2543 conicientem
592 2479 792 2559 χοιδάριοι,
826 2495 890 2554 quo
925 2483 1037 2540 tamen
1072 2481 1269 2541 diminutivo
1304 2481 1380 2553 quia
1414 2484 1503 2541 caret

229 2585 396 2658 hucusque
434 2584 553 2644 saitem
586 2584 714 2644 lexicon
745 2598 915 2658 graecum,
947 2583 1061 2642 malim
1091 2582 1240 2659 χοΐδιο,
1271 2582 1367 2642 modo
1396 2582 1502 2642 torma

226 2686 336 2746 soluta
358 2700 415 2761 pro
439 2684 551 2763 χοίδιο,
581 2684 664 2759 quod
689 2699 753 2744 non
778 2683 886 2743 ierunt
910 2684 1052 2757 numeri,
1077 2684 1162 2758 apud
1186 2683 1345 2743 Batonem
1370 2684 1502 2743 tolerari

226 2789 340 2863 possit.
372 2787 434 2847 Sed
465 2789 553 2847 enim
582 2787 675 2862 plura
698 2786 730 2845 in
755 2784 941 2845 recentibus
965 2785 1017 2844 his
1040 2785 1145 2859 poetis
1169 2786 1374 2860 reperiuntur
1397 2785 1502 2846 Helie·

226 2889 325 2950 nismi
351 2890 507 2963 vestigia;
540 2903 644 2963 neque
667 2887 768 2962 igitur
791 2886 879 2946 ultra
901 2901 1107 2961 quaererem,
1132 2886 1196 2946 nisi
1219 2887 1304 2947 haud
1328 2887 1446 2946 iniuria
1469 2888 1501 2946 in

226 2991 390 3069 λαμβάνειν
421 2991 598 3051 offendisse
629 2991 715 3050 idem
739 2989 821 3049 mihi
845 2989 1022 3063 videretur,
1047 2989 1124 3062 quia
1146 2989 1307 3048 emendi
1332 2990 1422 3049 notio
1445 2990 1503 3057 (sic

226 3093 314 3152 enim
346 3091 490 3167 explicat
520 3091 621 3160 Kook)
651 3090 727 3151 huic
757 3090 841 3166 loco,
874 3090 928 3150 ubi
960 3090 1133 3165 potandi
1157 3093 1360 3165 expectatur,
1384 3105 1501 3164 parum

225 3197 303 3269 apta
325 3197 386 3254 est.
412 3194 473 3253 Pro
496 3209 535 3254 eo
558 3192 607 3252 Bi.
632 3192 772 3252 coniecit
796 3191 965 3267 συμπίνειν.
990 3191 1084 3267 Quid,
1113 3192 1142 3250 si
1165 3192 1247 3252 Bato
1270 3191 1412 3250 dederit:

471 3292 520 3353 καὶ
545 3292 678 3369 Λεσβίου
701 3291 838 3370 χοίδια
862 3291 1126 3351 συνεκπίνειν
1150 3292 1206 3351 δύο

227 3396 277 3456 vei
302 3396 411 3471 potius

471 3493 521 3554 aul
544 3495 678 3573 Λεσβίου
702 3493 833 3571 χοίδια
856 3494 1142 3554 συαεκλάιετειν
1166 3494 1247 3553 ooo?

227 3599 297 3658 scil.
323 3595 393 3673 μετὰ
416 3604 467 3673 τῆς
490 3595 640 3674 γυναικός.
668 3594 714 3656 Cf.
737 3610 785 3653 VS.
811 3596 840 3655 3.
857 3629 896 3637 —
917 3596 972 3656 Vs.
999 3599 1028 3656 6.
1062 3592 1170 3673 ἄτομος
1201 3597 1340 3657 coniecit
1363 3596 1421 3671 Bl.‚
1445 3597 1502 3656 sed

227 3695 336 3769 ἄτονος
360 3698 441 3758 bene
465 3698 607 3772 explicat
632 3697 732 3758 Kocir.

187 3800 234 3859 Fr.
261 3802 291 3873 4,
321 3802 347 3859 1.
373 3799 434 3859 Pro
458 3790 491 3858 εὖ
514 3801 543 3878 μ’
566 3799 614 3859 Bi.
639 3793 720 3876 σύχν’
746 3800 803 3857 aut
827 3793 914 3856 πύκν’
941 3799 1079 3859 forsitan
1105 3802 1206 3874 recte,
1231 3800 1287 3859 sed
1308 3798 1394 3859 maie
1414 3801 1501 3859 vs.2

227 3894 468 3976 ἀναπεπλήσμεθ’
493 3916 550 3975 pro
574 3892 824 3978 ἀναγεγράμμεθ’,
842 3901 926 3973 quod
947 3902 1069 3975 optime
1091 3903 1123 3960 111
1143 3895 1373 3977 decretoribus&
1397 3904 1502 3960 mula·

228 4002 275 4061 vit
302 4002 381 4062 olim
412 4002 529 4077 Bothe,
555 4016 654 4074 quam
678 4001 943 4062 emendationem
968 4005 1086 4064 merito
1111 4002 1307 4064 cobotianae
1329 3998 1503 4060 ἀναμενού-

227 4096 291 4178 μεθ’
325 4103 482 4177 praetulit
513 4101 613 4163 Koclr.
695 4103 750 4162 Vs.
773 4105 803 4163 3.
835 4104 910 4164 Iure
934 4104 980 4164 Bi.
1006 4105 1141 4165 Porsoni
1167 4104 1389 4165 coniecturam
1409 4097 1500 4180 βιβλί’

227 4200 259 4261 ἓν
282 4203 384 4273 (codd.
410 4202 540 4280 βιβλίον)
570 4203 688 4278 probat
716 4219 793 4278 prae
818 4205 980 4265 Bothiana
1003 4205 1120 4283 βιβλίον
1144 4203 1187 4282 ἐν,
1210 4205 1249 4265 ob
1272 4218 1408 4278 pravam
1434 4218 1502 4262 cae·

226 4320 339 4366 suram
376 4306 486 4364 minus
520 4304 784 4365 commendabili.
824 4306 934 4380 Neque
969 4307 1172 4368 haerendum
1206 4307 1239 4365 in
1275 4319 1336 4364 usu
1368 4304 1504 4379 pluralis

227 4406 368 4481 numeri,
401 4419 465 4478 quo
496 4419 561 4464 non
592 4405 744 4464 dicuntur
774 4405 883 4480 plures
906 4407 1007 4467 simul
1030 4407 1103 4467 libri
1127 4406 1280 4467 manibus
1304 4406 1422 4479 teneri,
1446 4406 1503 4465 sed

225 4507 310 4566 alius
333 4509 408 4581 post
432 4505 545 4565 allum.
572 4538 611 4548 -
635 4505 692 4566 VS.
706 4508 736 4566 4.
762 4506 989 4584 Σιμωνακτίδης
1009 4524 1068 4584 pro
1087 4504 1355 4585 Σημωνακτίδηςθ
1373 4505 1503 4566 Polluce

226 4607 356 4667 restitui
387 4605 478 4666 iubet
508 4606 610 4680 idem,
644 4609 679 4665 at
708 4622 826 4681 graeca
849 4609 984 4669 nomina
1006 4612 1085 4670 sunt
1103 4612 1222 4685 Σῆμος,
1243 4606 1371 4682 Σήμων,
1393 4609 1502 4682 Σημω-

225 4708 326 4785 νίδης,
349 4723 413 4769 non
437 4708 548 4768 minus
571 4723 672 4781 quam
695 4712 806 4784 Σῖμος,
829 4709 945 4785 Σίμων,
968 4710 1152 4788 Σιμωνίδης.

182 4810 233 4870 Fr.
255 4813 285 4886 5,
309 4811 358 4870 13.
380 4810 417 4868 In
437 4807 571 4879 ἅπαντας
588 4823 663 4869 cum
685 4812 938 4885 exaggeratione
958 4813 1044 4872 dicto
1060 4812 1200 4872 fortasse
1213 4826 1278 4871 non
1291 4809 1503 4870 haerendum.

226 4911 338 4970 Potuit
357 4926 436 4969 sane
458 4924 568 4969 errore
587 4910 762 4984 repetitum
785 4927 858 4972 esse
879 4928 919 4972 cx
940 4927 989 4972 vs.
1006 4913 1053 4971 10.
1074 4913 1122 4973 Bi.
1137 4912 1277 4973 coniecit
1288 4911 1320 4969 Β.
1333 4909 1458 4986 μάλιστά
1469 4903 1503 4987 μ’.
