3502 5512
860 357 921 416 125

223 535 280 596 Fr.
308 538 380 598 123.
405 538 574 600 Tractavit
596 540 652 600 Bl..
668 557 699 616 p.
727 543 800 604 159.

227 636 280 697 Fr.
308 639 380 714 124,
408 641 436 700 1.
882 634 943 721 ἧψέ
966 664 1017 721 μοι
1041 645 1155 705 δοκεῖ

494 740 618 802 πνικτόν
641 765 667 801 τι
691 740 793 818 ὄψον
816 744 1002 821 δελφάκειον.
1026 749 1122 806 ΓΑΝ.
1145 742 1206 823 ἡδύ
1228 768 1269 826 γε.

270 839 351 915 Quia
369 837 449 916 ὅφον
472 842 513 903 ab
536 844 588 904 bis
611 846 717 919 poetis
736 861 801 907 non
821 847 906 909 solet
925 848 1071 908 adhiberi
1092 848 1132 908 de
1152 863 1262 924 carne,
1284 851 1342 910 sed
1354 850 1547 927 plerumque

270 941 310 1002 de
339 944 497 1022 piscibus,
529 947 635 1007 rarius
665 948 704 1008 de
734 948 968 1024 leguminibus,
1001 951 1261 1011 consideratione
1283 953 1425 1025 quadam
1449 955 1548 1030 digna

271 1047 322 1105 est
345 1046 432 1108 iusto
456 1047 609 1109 audacior
631 1050 797 1124 Blaydesii
821 1051 1009 1113 coniectura

893 1143 955 1230 ἧψέ
976 1175 1027 1230 μοι
1049 1151 1165 1232 κρέας

536 1250 661 1312 πνικτόν
684 1275 710 1311 τι
736 1248 855 1330 <riddo
883 1253 1068 1330 δελφάκειον.

269 1348 323 1409 Vs.
344 1350 374 1410 8.
399 1351 556 1429 Requiro,
580 1356 618 1414 ut
640 1355 795 1430 antehac,
820 1350 1011 1432 νοτίτ1’,ἐττε1
1034 1353 1213 1433 ζυμουμένη.

224 1450 276 1511 Fr.
303 1452 375 1527 125,
400 1453 430 1512 9.
532 1453 691 1516 κάνταῦθα
714 1454 764 1515 καὶ
787 1464 881 1536 γραῦς
904 1454 954 1517 καὶ
977 1455 1072 1537 γέρων
1094 1455 1146 1518 οιαὶ
1168 1458 1290 1519 παιδίον

536 1554 708 1633 [πεμφθεὶς]
734 1557 862 1630 ἅπαντες
887 1556 1070 1637 ἀγοράσουσι
1093 1557 1168 1618 κατὰ
1191 1564 1312 1638 τρόπον.

266 1652 380 1716 Deleto
412 1657 533 1717 vetoris
563 1657 700 1720 lacunae
726 1660 972 1736 supplemento,
998 1661 1123 1736 corrige
1152 1657 1435 1741 <τ1τταξ>ατταντες,
1458 1666 1543 1737 quod

267 1755 334 1816 iam
358 1757 407 1818 Bl.
431 1758 526 1819 video
549 1761 742 1835 repperisse.

222 1856 274 1917 Fr.
302 1859 375 1935 127,
404 1862 431 1920 1.
457 1861 537 1921 Acb.
561 1863 636 1923 345.
661 1861 702 1940 μή
726 1885 777 1940 μοι
798 1861 952 1940 πρόφασιν
976 1865 1031 1925 cit.
1052 1864 1112 1942 31,
1133 1865 1188 1938 qui
1209 1880 1258 1924 vs.
1279 1866 1299 1924 3
1320 1868 1409 1927 recte
1429 1867 1544 1942 probat

266 1960 409 2022 Pollucis
431 1961 606 2022 lectionem
627 1958 727 2039 ὀρθῶς
746 1981 787 2043 ηε·
806 1972 936 2042 πρῶτον,
962 1981 1039 2026 nam
1059 1961 1091 2024 τὸ
1111 1974 1231 2043 πρῶτον
1254 1981 1319 2027 non
1340 1970 1392 2028 est
1411 1968 1543 2042 primo

266 2061 373 2138 loco,
407 2064 463 2123 sed
494 2064 629 2138 prima
660 2067 769 2141 vice,
803 2067 887 2141 quod
918 2066 971 2127 hic
1002 2080 1102 2127 sensu
1134 2070 1233 2128 caret.
1266 2068 1425 2129 Similiter
1450 2071 1542 2131 vs.8

265 2163 383 2225 Pollux
403 2179 516 2225 veram
541 2166 716 2229 lectionem
739 2164 843 2245 ττέττερτ
862 2169 1023 2243 servavit,
1045 2171 1177 2244 propter
1196 2169 1305 2243 ipsam
1324 2170 1408 2230 banc
1428 2186 1541 2232 vocem

265 2264 490 2340 fragmentum
519 2267 673 2344 afferens,
698 2284 756 2344 pro
779 2266 887 2344 σέσελι,
909 2271 995 2344 quod
1017 2284 1180 2343 nusquam
1204 2270 1236 2329 in
1265 2271 1433 2331 comoedia
1455 2287 1541 2346 repe·

264 2367 357 2443 ritur,
393 2370 430 2430 ut
464 2368 551 2430 idem
585 2369 634 2430 Bi.
669 2369 833 2430 observat.
869 2369 952 2430 (lum
988 2369 1102 2431 eodem
1138 2369 1252 2430 malim
1284 2386 1334 2431 vs.
1366 2373 1396 2431 6.
1428 2370 1542 2431 τιανλὸν

265 2468 448 2545 σι1φ1ον.-
463 2470 519 2532 Vs.
541 2473 558 2532 7
579 2471 641 2533 Pro
661 2462 737 2531 αὖον
761 2472 856 2532 bodie
879 2486 945 2533 non
968 2477 1005 2531 ut
1028 2471 1108 2532 olim
1128 2468 1209 2548 ὅξος,
1233 2472 1290 2532 sed
1310 2470 1414 2531 multo
1434 2471 1542 2534 lenius

266 2568 341 2652 ηὀόν
371 2572 510 2649 conicio,
543 2572 627 2648 quod
652 2571 801 2633 Alexidis
824 2573 862 2632 ir.
892 2574 963 2648 174,
990 2573 1019 2648 8,
1045 2575 1083 2633 ut
1105 2572 1136 2633 h.
1161 2572 1197 2648 l.,
1222 2586 1298 2632 cum
1321 2571 1447 2649 κόρινον
1470 2589 1541 2635 σοα·

264 2671 420 2747 iungitur.
467 2674 564 2734 Omni
610 2673 839 2749 probabilitate
881 2676 970 2734 caret
1009 2673 1177 2748 Blaydesii
1215 2675 1385 2733 tentamen
1424 2672 1542 2749 σφάκον

263 2772 433 2850 κορίαννον.
469 2774 635 2853 ceterum,
671 2777 709 2835 ut
743 2775 838 2837 docet
872 2776 1010 2836 verbum
1045 2773 1243 2851 ἀφαυαίνειν,
1284 2790 1382 2836 verae
1416 2775 1541 2837 formae

264 2874 385 2937 3111033
408 2879 487 2937 sunt
509 2869 597 2953 αὖος,
619 2875 765 2937 adalrao.

218 2975 269 3036 Fr.
294 2977 365 3037 131.
387 2974 458 3055 φέρε
477 2999 527 3055 μοι
546 2994 603 3053 pro
623 2976 678 3055 τὴν
697 2979 757 3055 Bl.,
777 2978 831 3053 qui
852 2994 909 3053 pro
930 2977 1060 3055 σιβύνην
1080 2977 1217 3052 requirit
1236 2975 1374 3054 σνβίνην.
1394 2976 1540 3037 Debebat

262 3078 409 3157 συβήνην,
439 3085 475 3141 ut
505 3081 621 3142 docent
652 3080 742 3142 tituli
771 3080 873 3141 attici.
910 3079 956 3141 01.
988 3080 1116 3141 lexicon
1152 3094 1264 3139 meum
1300 3075 1538 3152 suppletorium

261 3195 291 3254 p.
317 3182 381 3241 770
405 3196 431 3242 s.
456 3197 487 3243 ν.

217 3280 268 3340 llr.
295 3282 368 3357 133,
395 3284 425 3343 5.
450 3282 511 3343 Pro
535 3283 626 3359 epico
650 3285 684 3344 et
706 3284 817 3358 inepto
840 3282 994 3358 μάστιξον,
1021 3281 1093 3343 coll.
1118 3282 1156 3342 ir.
1184 3282 1256 3358 188,
1277 3281 1430 3356 proposui
1451 3280 1538 3339 κατά-

260 3381 367 3460 βρεξον
382 3369 455 3443 Ι3111
491 3382 658 3462 διάβρεξον,
691 3383 740 3443 Bl.
777 3381 926 3443 διάπασον
961 3386 1019 3443 3111
1051 3381 1205 3460 σπόδησον
1240 3382 1298 3442 3111
1331 3379 1471 3451 πάταξον.
1497 3414 1536 3424 -

263 3483 318 3544 Vs.
343 3486 373 3545 3.
405 3484 496 3545 Koclr
526 3484 725 3560 probabilius
755 3481 890 3560 ἀλφίτοις
919 3500 1019 3559 quarn
1050 3484 1099 3545 Bl.
1134 3479 1200 3543 ἁλσὶ
1223 3475 1295 3564 κᾷτ’,
1319 3482 1473 3555 quamvis
1496 3497 1538 3543 ne

261 3585 341 3646 illud
364 3587 497 3661 quidem
520 3586 603 3646 mihi
627 3586 822 3646 satisfaciat.

306 3688 452 3747 ΛΙΝΟΣ.
477 3687 523 3748 01.
548 3687 713 3748 Theocriti
737 3687 779 3747 id.
804 3686 913 3746 XXIV
939 3687 1012 3746 103.

217 3787 268 3848 Fr.
296 3790 368 3866 141,
394 3791 423 3850 6.
449 3788 600 3849 Feliclter
622 3787 671 3848 Bl.
695 3785 731 3845 τὰ
755 3791 823 3863 (pro
846 3785 910 3857 τάκ)
930 3794 981 3864 τῆς
1004 3792 1132 3865 τροφῆς,
1155 3783 1260 3859 quod
1285 3785 1450 3847 attinet
1472 3784 1535 3860 ad,

261 3892 294 3949 31
317 3890 408 3950 Kock
433 3905 480 3950 VS.
505 3891 523 3950 7
550 3888 697 3966 δεχόμεθα
714 3920 751 3930 -
773 3885 812 3946 ἂν
835 3904 892 3964 pro
916 3886 1134 3967 γλιχόμεθα-
1154 3884 1212 3944 ἵνα.
1232 3917 1274 3926 -
1295 3883 1350 3945 Vs.
1376 3887 1396 3945 9
1420 3885 1535 3946 11131111]

260 4010 289 4049 τε
312 4005 370 4065 pro
394 3986 435 4049 ol.

215 4090 267 4151 Fr.
295 4092 366 4166 142,
390 4093 421 4151 4.
451 4086 490 4148 liv
514 4085 546 4148 δὲ
563 4083 725 4149 ‘eraclitae
747 4087 797 4149 καὶ
825 4083 981 4169 τρύβλιον’.
1013 4089 1102 4164 Quod
1126 4087 1206 4148 olim
1229 4085 1387 4162 probante
1411 4086 1535 4147 Koclrio

259 4192 386 4252 correxi
416 4192 574 4269 τρούβλιον
608 4206 673 4252 non
707 4206 842 4266 prorsus
871 4191 1001 4252 sufficit.
1032 4189 1171 4249 Dederat
1201 4189 1314 4264 poeta:
1346 4183 1384 4245 ἂν
1415 4184 1447 4246 δὲ
1477 4190 1534 4255 (sc.

258 4291 338 4375 εἴπῃ)
363 4286 587 4364 Ἃιοισάναξ
620 4288 671 4351 καὶ
696 4286 948 4370 ὀρούβλιονῖ
982 4290 1091 4350 Sensit
1123 4289 1242 4349 vitium
1273 4287 1333 4364 Bl.,
1365 4289 1422 4348 sed
1446 4287 1534 4346 iusto

258 4393 435 4455 violentius
458 4393 627 4468 proposuit
649 4389 687 4451 liv
711 4388 744 4451 11
761 4386 920 4464 ‘arrodere
945 4389 1031 4450 δότε
1055 4381 1261 4467 τρύβλιον.’

213 4494 265 4556 Fr.
302 4497 373 4570 144,
406 4497 433 4554 1.
470 4493 618 4572 στρουθός
647 4516 689 4565 τις
721 4493 773 4554 vel
804 4493 1001 4573 στρουθίσιιος
1032 4506 1097 4552 non
1127 4489 1214 4550 111313
1244 4489 1304 4565 Bi,
1336 4490 1401 4550 3113
1424 4489 1534 4548 minus

257 4599 335 4671 apta
357 4595 396 4657 de
419 4610 510 4655 more
533 4594 688 4655 adiciens.
714 4592 796 4655 Cum
820 4595 934 4655 eodem
959 4592 1074 4653 malim
1097 4587 1194 4667 ἀκαρῆ
1218 4605 1276 4664 pro
1300 4586 1421 4669 ἀκαρὴς.

212 4695 264 4757 Fr.
288 4698 361 4772 145,
385 4699 395 4755 1
421 4710 469 4770 sq.
489 4694 535 4756 Cf.
557 4696 611 4754 Ar.
633 4695 689 4770 Eq.
711 4696 776 4756 399
796 4694 826 4754 εἴ
839 4712 870 4755 σε
882 4693 923 4772 μὴ
935 4697 1028 4771 φιλῶ,
1047 4692 1191 4772 γενοίμην
1203 4688 1236 4750 ἐν
1250 4690 1401 4768 Κρατίνου
1413 4688 1533 4773 κῳδίον.

212 4798 263 4857 Fr.
291 4800 364 4872 146,
390 4796 420 4857 3.
451 4787 493 4854 ὧν
524 4794 580 4856 οὐκ
610 4792 709 4874 ε’χρην,
737 4796 807 4857 scil.
832 4797 1042 4870 maritorum,
1075 4785 1118 4853 ὧν
1142 4786 1169 4851 δ’
1196 4788 1299 4868 ἐχρῆν,
1324 4791 1395 4852 scil.
1419 4790 1531 4850 libero·

255 4913 330 4959 rum
354 4910 490 4958 suorum
514 4899 547 4957 et
569 4896 782 4957 famulorum.
