3502 5512
855 384 895 447 81

210 579 260 639 Fr.
284 579 337 653 94,
366 579 393 639 1.
417 574 564 637 ποθεινόν
583 578 620 636 ut
639 574 750 646 πόθος,
772 574 1050 648 desiderium,
1073 575 1139 634 iam
1161 575 1307 636 continet
1328 574 1532 637 deficientiae

254 681 435 753 notionem,
460 680 571 752 itaque
591 677 698 737 otiosa
721 679 774 737 est
796 675 911 736 chkii
936 673 1223 737 coniecturalium
1246 672 1300 752 μὲν
1328 693 1385 753 pro
1405 677 1532 746 ἄπνοος

255 781 333 842 licet
362 781 490 857 placeat
512 779 700 854 Biaydesio,
738 780 792 853 qui
815 779 885 853 ipse
909 793 960 838 vs.
984 779 1003 837 3
1028 782 1115 838 recto
1139 780 1309 853 requirens
1332 779 1532 855 duplicatum

255 879 295 954 ὡς
318 883 404 944 baud
428 880 687 957 improbabiliter
711 880 863 954 proponit
886 875 925 950 ὡς
949 877 1058 956 ἐχθρόν
1082 896 1139 955 pro
1163 884 1314 957 corrupto
1337 878 1482 959 ἀχθηρόν.

298 985 407 1044 Botbii
437 982 688 1059 πορνοιόροοοιν
719 981 840 1040 iniuria
867 979 1027 1056 probabat
1050 981 1153 1042 Kook.
1185 981 1249 1043 Cur
1272 983 1393 1044 ibidem
1418 998 1475 1058 pro
1506 979 1536 1041 τί

253 1086 437 1147 scribamus
461 1082 493 1142 ct
516 1098 592 1144 cum
616 1083 664 1142 Bl.
690 1084 864 1143 causaest
886 1081 988 1142 nulla.

213 1186 465 1245 ΕΥΘΤΔΙΚΟΣ.
489 1184 609 1246 Aesch.
634 1183 649 1242 Ι
670 1184 712 1244 40
737 1179 866 1259 ἐκάθητο
880 1215 920 1226 -
943 1179 990 1242 ἐπλ
1013 1189 1066 1242 τοῦ
1096 1183 1277 1244 Ευθυδίκου
1301 1183 1440 1263 λατρείου.
1463 1184 1536 1245 Noli

255 1302 331 1347 cum
358 1288 406 1347 ΒΙ.
437 1286 617 1348 rescribere
641 1281 689 1344 ἐπὶ
712 1294 751 1366 τῷ
777 1318 817 1328 -
842 1282 967 1367 ἰατρείῳ.
992 1284 1043 1345 Ita
1066 1286 1199 1360 scripsit
1223 1288 1335 1347 orator
1357 1286 1397 1347 ad
1421 1285 1534 1346 simili·

255 1388 404 1449 tudinem
427 1391 524 1449 notae
548 1386 724 1447 locutionis
747 1387 787 1447 de
810 1386 930 1446 scortis
953 1379 994 1444 ἐπ’
1021 1384 1181 1462 οἰκήματος
1204 1386 1348 1460 καθίζειν.

212 1489 263 1551 Fr.
287 1489 340 1550 95.
377 1489 493 1550 Melius
523 1503 621 1563 qnam
654 1489 744 1549 Kock
768 1487 910 1561 Blaydes
941 1486 1117 1559 πουλύπους
1138 1485 1143 1566 Ι
1165 1484 1197 1547 ἐν
1218 1488 1350 1572 βωτυνίρν
1373 1510 1416 1559 τις
1440 1485 1536 1563 ἑφθὸς

262 1582 350 1650 <εύ>
377 1587 565 1667 τετμημένος.

211 1691 262 1753 Fr.
290 1693 362 1767 100,
388 1693 418 1753 3.
450 1691 716 1767 Quadruplioem,
748 1691 816 1751 imo
847 1690 1085 1766 quintuplicem
1114 1691 1338 1754 coniecturam
1362 1691 1540 1767 propositis

256 1793 346 1853 addit
372 1792 421 1854 Bi.
445 1808 475 1868 p.
500 1793 571 1853 106.
595 1792 642 1853 De
663 1792 744 1852 vs.4
765 1791 820 1852 cit.
842 1791 978 1866 Autipb.
999 1791 1047 1850 III
1068 1793 1110 1852 52
1124 1793 1181 1864 Μ.;
1204 1791 1343 1853 Philem.
1364 1792 1409 1851 IV
1432 1793 1536 1867 1011.;

258 1894 352 1957 Alex.
378 1896 454 1970 211,
482 1897 496 1954 1
520 1894 560 1954 K.

215 1996 264 2056 [οἰ.
293 1996 365 2071 102,
391 1997 420 2056 2.
452 1993 526 2071 πρὸς
556 1998 624 2068 (pro
650 1990 709 2064 καὶ)
742 1996 776 2053 et
799 1990 873 2071 ἔρον
897 2008 951 2054 rue
975 1993 1176 2069 probabilius
1199 1995 1322 2068 Nuber;
1347 2010 1440 2056 meas
1464 2012 1536 2057 con·

256 2099 399 2159 iacturas
423 2097 523 2158 refert
546 2096 601 2169 Κ.,
626 2095 663 2154 οὺ
692 2095 820 2170 delens,
851 2095 879 2155 si
904 2111 1033 2156 mecum
1059 2095 1188 2171 legatur
1210 2093 1311 2175 ψέγεις
1333 2096 1536 2170 (improbabi

257 2198 365 2259 biliter
388 2195 497 2275 μίμφοι
520 2197 592 2267 ΒΙ.).
618 2196 721 2258 Hodie
743 2196 951 2271 scripserim:

479 2295 559 2359 τουτὶ
584 2295 640 2377 γὰρ
664 2295 737 2357 αὐτὸ
761 2290 879 2374 πρῶθ’
905 2292 922 2356 ὃ
945 2296 983 2356 σὺ
1006 2294 1144 2377 ψέγεις
1167 2303 1281 2358 ποθεῖν

258 2416 314 2475 pro
344 2409 462 2480 πρῶτον
491 2395 508 2459 i
538 2399 576 2459 οὺ
599 2403 694 2470 ποιεῖς
718 2421 748 2458 π.
773 2432 811 2443 -—
832 2398 888 2459 Vs.
913 2400 943 2459 4.
969 2399 1017 2458 ΒΙ.
1042 2403 1131 2461 recte
1156 2417 1175 2460 a
1199 2400 1319 2461 Naberi
1350 2401 1540 2462 coniectura

257 2499 385 2574 ἁπαλοῖς
420 2507 529 2578 (quarn
567 2506 694 2577 tamen,
732 2500 882 2561 mirabile
912 2501 1018 2576 dictu,
1052 2503 1195 2576 primum
1228 2502 1450 2578 amplectitur)
1481 2518 1539 2577 pro

257 2608 360 2676 καλοῖς
395 2604 542 2666 defendit
576 2603 761 2678 vulgatam,
801 2606 992 2677 comparato
1023 2603 1194 2665 simillimo
1222 2599 1336 2674 ἁπαλὸς
1365 2601 1416 2663 παὶ
1449 2606 1538 2677 καλός

257 2705 442 2767 Nausicrat.
468 2705 513 2764 1v
536 2706 618 2779 512;
639 2705 693 2765 Αι.
717 2705 794 2778 Βνο.
823 2705 924 2778 1063;
949 2704 1039 2765 Gom.
1064 2719 1160 2766 anon.
1185 2705 1230 2765 IV
1253 2706 1328 2766 673.

214 2806 266 2866 Fr.
285 2807 357 2867 103.
378 2803 494 2885 ύγολμιι
515 2803 697 2884 κάνύριύντυ
717 2804 766 2865 καὶ
785 2804 907 2883 γραφὴν
926 2803 991 2882 (ἔχω
1005 2805 1056 2866 vel
1069 2803 1152 2883 ἔχεις)
1165 2806 1213 2867 Bl.
1227 2806 1353 2880 reliqua
1364 2809 1466 2882 reete,
1479 2807 1537 2868 sed

257 2906 524 2983 supplementum
548 2907 672 2968 nullius
694 2911 746 2967 est
765 2908 872 2982 pretii.
894 2906 978 2982 Quot
996 2907 1086 2967 enim
1105 2907 1171 2967 alia
1189 2908 1370 2982 excogitari
1389 2908 1535 2982 possint!

213 3009 265 3069 i'r.
293 3009 366 3069 104.
502 3005 612 3087 ἀνδρὸς
637 3006 771 3086 διαφέρει
795 3003 868 3069 τοῦτ’
895 3007 981 3089 ἀνήρ·
1006 3006 1022 3069 ὁ
1046 3005 1100 3085 μὲν
1123 3017 1220 3080 κακῶς

502 3109 637 3184 πράττων
661 3108 700 3170 τὸ
723 3113 876 3171 λυποῦν
898 3105 1001 3190 ἤγαγ’
1028 3110 1069 3183 εἰς
1092 3110 1292 3189 παράστασιν,

503 3207 520 3270 d
543 3206 570 3270 δ’
597 3207 754 3289 ἐμφρόνως
779 3211 937 3289 δεξάμενος
960 3209 1084 3290 ἤνεγκεν
1107 3215 1212 3284 καλῶς.

258 3312 329 3373 11ἰοί
351 3312 448 3387 forte,
480 3312 564 3386 quod
587 3312 667 3374 olim
690 3313 863 3389 putabam,
887 3313 1007 3374 lacuna
1029 3313 1192 3374 sumenda
1214 3316 1265 3374 est
1288 3318 1364 3389 post
1385 3312 1536 3393 πράττων,

257 3413 350 3474 locus
372 3414 421 3474 sic
443 3414 655 3489 corrigendus
680 3414 825 3475 videtur:

358 3554 360 3558 -
415 3513 525 3592 ἀνδρὸς
547 3512 682 3592 διαφέρει
705 3509 780 3574 τοῦτ’
808 3513 893 3593 ἀνήρ.
918 3510 934 3575 ὃ
959 3510 1013 3590 μὲν
1036 3523 1135 3586 κακῶς

416 3615 552 3693 πράττων
575 3614 649 3674 ύπὸ
673 3617 798 3693 λύπης
822 3619 891 3686 (aut
915 3614 965 3675 διὰ
987 3616 1097 3693 λύπην)
1123 3606 1217 3691 ἦλθεν
1240 3614 1281 3687 εἷς
1306 3616 1507 3696 παράστασιν,

415 3711 431 3776 ‘d
456 3711 484 3775 δ’
509 3715 665 3793 ἐμφρόνως
689 3715 890 3794 (εύφρόνωςλ)
916 3716 1075 3792 δεξάμενος
1098 3713 1222 3795 ἤνεγκεν
1245 3721 1350 3789 καλῶς.

259 3817 431 3878 i.e.vira
452 3819 543 3879 viro
563 3819 638 3879 boc
662 3818 831 3879 differt:
852 3819 974 3895 alter,
996 3819 1178 3880 adversa
1196 3820 1372 3880 fortuna
1392 3822 1535 3894 utens,

260 3919 406 3980 dolore
433 3920 647 3981 delabitur
668 3923 708 3981 in
729 3922 947 3982 vesaniam
973 3927 1009 3991 (a.
1031 3921 1403 3996 desperationem),
1429 3921 1538 3981 alter

260 4021 480 4095 sapienter
511 4021 860 4093 (hilarianimoi)
896 4023 1115 4098 accipiens
1150 4025 1214 4091 (res
1249 4022 1416 4090 adversas)
1452 4022 1537 4082 fert

261 4121 449 4195 pulchre.

306 4223 453 4284 Pessime
477 4239 524 4283 vs.
550 4226 568 4284 2
600 4223 736 4300 πράττων
765 4226 798 4286 in
830 4233 954 4301 φρονῶν
986 4227 1093 4284 mutat
1117 4224 1180 4299 ΒΙ.,
1214 4227 1247 4283 et
1270 4225 1359 4284 male
1382 4224 1536 4285 sollicita·

261 4327 333 4384 111111
357 4329 409 4385 est
426 4323 620 4402 παράστασιν.
643 4325 690 4386 Cf.
716 4326 826 4399 Polyb.
853 4326 878 4384 V
901 4327 954 4401 48,
980 4327 997 4385 7
1030 4322 1104 4384 κατὰ
1131 4323 1185 4401 τὴν
1213 4324 1465 4399 παράστασιν
1488 4322 1538 4383 κοιλ

176 4492 181 4506 ¹
261 4423 315 4500 την
347 4421 443 4501 ὁρμὴν
477 4423 531 4501 τὴν
565 4425 638 4503 πρὸς
674 4426 822 4504 σωτηρίαν
856 4423 1013 4504 ἐρρίπτουν
1044 4424 1169 4497 ἑαυτούς
1200 4425 1241 4496 είς
1268 4425 1320 4484 τὸν
1346 4423 1481 4502 ποταμόν
1505 4427 1539 4485 et

261 4527 430 4603 11184,9
466 4525 515 4585 διὰ
550 4525 603 4602 τὴν
637 4526 888 4604 παράστασιν
923 4535 988 4603 τῆς
1025 4526 1211 4597 διανοίας
1246 4522 1394 4603 ὁρμῶντες
1429 4524 1475 4585 ἐπλ
1506 4526 1538 4585 τὸ

260 4625 404 4704 νήχεσθαι
436 4627 492 4686 σὺν
516 4632 575 4698 τοῖς
599 4626 701 4698 ὅπλοις
725 4625 933 4706 ἀπεπνίγοντο,
958 4628 1096 4689 Dobraei
1120 4629 1343 4689 coniecturam
1367 4628 1539 4706 περίστασιν

261 4729 342 4788 bene
376 4728 524 4789 refutans
559 4729 648 4789 Koclr
687 4730 788 4789 etiam
827 4731 920 4805 peius
951 4731 1020 4805 ipse
1055 4731 1195 4790 coniecit
1228 4730 1417 4806 μετάστασιν,
1455 4730 1538 4804 quod

261 4828 409 4890 Alexidis
431 4831 469 4891 ir.
495 4831 569 4907 222,
596 4831 650 4891 ubi
673 4834 760 4891 recte
780 4831 929 4891 additum
951 4836 1003 4891 est
1022 4839 1075 4891 τοῦ
1095 4835 1234 4910 φρονεῖν,
1254 4846 1319 4891 non
1343 4831 1538 4893 defenditur.

261 4929 401 4990 Omnino
424 4931 656 4993 conterendum
680 4932 880 5007 Antiphanis
903 4933 931 4992 ir
956 4934 1037 4993 295:

1418 5039 1433 5080 ο
