3502 5512
848 342 891 401 48

209 531 260 591 Fr.
285 532 360 592 620.
386 530 432 591 Of.
456 532 536 591 nota
558 529 680 590 locutio
703 526 865 598 κλα(ί1ονια
889 527 1024 601 καθίζειν
1046 527 1120 588 τινά.

210 632 261 692 11.
287 633 361 692 621.
386 630 474 692 citat
496 630 609 691 Nauck
631 630 681 690 nt.
703 629 799 690 Voss.
823 645 853 704 p.
878 631 960 713 267,
981 630 1148 705 superflua
1167 644 1240 690 esse
1258 644 1398 690 monens
1416 629 1534 698 Kockii

255 733 355 794 verba
386 734 440 807 „et
469 731 580 792 Varin.
605 764 648 772 —
674 731 737 791 108
761 730 880 790 Dind.''
912 731 1004 790 Idem
1028 729 1140 791 σαυτὸν
1164 732 1253 802 (Lex.
1277 731 1372 792 vind.
1397 729 1534 800 σεαυτὸν)

255 833 336 909 legit
359 849 416 909 pro
439 831 543 893 αὐτὸν.

210 935 262 996 Fr.
287 935 362 995 622.
386 934 434 995 Bt.
460 933 537 994 οὕτω
560 955 587 992 ιι
612 965 653 976 -
676 931 772 1010 γλυκύ
797 931 848 992 vel
872 931 950 992 οὕτω
970 927 1031 992 ’στί
1049 967 1090 978 -
1115 931 1258 1011 ἐφίμερον
1280 934 1532 1007 inconsiderate,

254 1037 378 1110 optime
413 1036 502 1096 enim
532 1031 612 1093 torm
641 1030 705 1110 μὲ1ι
736 1037 805 1107 (pro
837 1030 896 1091 ἔστι
927 1031 1005 1110 μέλει
1037 1035 1108 1096 eive
1142 1032 1183 1094 ἔτι
1210 1032 1316 1112 μέλλει)
1339 1035 1420 1096 olim
1443 1034 1477 1096 0.
1499 1035 1533 1094 F.

255 1137 424 1198 Hermann
453 1138 488 1197 et
518 1135 664 1196 Meineke
694 1135 924 1195 emendarunt.
955 1135 1002 1197 De
1032 1135 1110 1196 olto
1140 1158 1167 1195 ιι
1197 1140 1287 1198 recte
1318 1137 1366 1197 Bl.
1395 1136 1537 1198 contulit

255 1238 424 1299 Menandri
453 1237 492 1297 tr.
527 1236 590 1297 287
622 1239 655 1296 et
686 1235 849 1310 Posidippi
878 1237 917 1296 ir.
945 1238 999 1311 19,
1031 1252 1092 1298 nec
1122 1238 1332 1298 scribendum
1363 1237 1417 1316 οὐχ
1440 1237 1480 1309 ὥς
1503 1259 1536 1316 γε

256 1354 331 1400 oum
355 1337 491 1399 Koclrio.

210 1440 263 1500 l'r.
287 1441 362 1501 626.
394 1439 630 1514 Corrigendum
660 1453 734 1499 esse
764 1435 999 1514 ἕκμαίνετον
1030 1444 1098 1515 (pro
1122 1436 1320 1516 ἕκβαίνετον),
1341 1441 1413 1503 scil.
1446 1440 1535 1501 volu·
1607 1488 1611 1493 .

255 1543 361 1616 ptate,
386 1540 466 1600 olim
491 1540 585 1600 docui
604 1540 656 1611 (61.
681 1541 784 1601 etiam
798 1540 846 1599 Bl.
861 1541 942 1600 Add.
956 1541 1049 1614 318);
1071 1540 1249 1602 violentius
1269 1539 1536 1620 εὐφραίνεται

257 1643 396 1703 coniecit
429 1640 532 1702 Koclr.
562 1642 837 1703 Emendationem
873 1643 961 1711 (626)
996 1635 1070 1723 κᾷτ’
1103 1639 1304 1719 intentator
1338 1646 1416 1705 ante
1450 1643 1538 1703 huno

255 1744 384 1804 invenit
406 1742 544 1803 Kentos
567 1742 614 1802 De
638 1743 736 1803 verbo
760 1739 939 1801 ὑποπίπτειν
963 1743 1011 1802 Bl.
1037 1742 1092 1803 eft.
1117 1742 1214 1817 vesp.
1240 1746 1323 1816 555;
1344 1744 1401 1818 Eq.
1425 1746 1479 1805 47.
1496 1777 1535 1786 -

256 1845 305 1905 Bl.
329 1845 413 1905 citra
434 1844 670 1905 necessitatem
694 1845 769 1901 τοῖσι
793 1841 928 1919 σχήμασι.

211 1947 263 2007 l'r.
288 1946 363 2007 628.
388 1941 536 2024 ἁρπαγαῖς
557 1941 675 2021 τρέφων
699 1944 812 2005 Nauck
835 1946 912 2005 ante
936 1944 1108 2005 Kockium.

213 2048 265 2108 Fr.
290 2049 365 2108 699.
388 2047 435 2107 06
458 2045 563 2116 δεινῶς
585 2045 635 2105 Β1.
659 2044 714 2105 cit.
739 2044 903 2119 netega
917 2045 1000 2116 752;
1024 2044 1167 2120 Epicrat.
1186 2045 1234 2104 ΙΙΙ
1257 2045 1391 2119 37111.;
1416 2046 1536 2107 Herod.

256 2149 288 2208 II
322 2151 374 2210 76.
414 2149 486 2208 149.
529 2145 752 2206 Nihilominus
793 2143 957 2205 inutiliter
991 2147 1100 2205 tentat
1133 2143 1189 2223 γὰρ
1224 2142 1263 2221 δὴ
1298 2147 1351 2206 vel
1384 2143 1444 2224 ἤδη
1478 2163 1537 2222 pro

257 2250 378 2311 tradito
402 2248 495 2324 δεινή.

213 2350 264 2410 11.
289 2350 365 2410 630.
388 2349 563 2425 λάβρακα
587 2363 645 2422 pro
667 2342 777 2424 γέλωτα
801 2346 952 2420 proponit
972 2345 1036 2420 Bl.,
1068 2347 1124 2420 qui
1143 2345 1251 2406 lenius
1273 2350 1361 2407 certe
1384 2352 1538 2422 potuerat

257 2449 464 2529 yairdtpv.
484 2449 631 2509 Tametsi
650 2447 759 2507 locum
779 2448 924 2521 (propter
943 2446 1151 2516 brevitatem)
1171 2462 1235 2508 non
1253 2449 1349 2522 plane
1365 2450 1536 2525 intellego,

258 2551 297 2612 61.
322 2551 404 2611 Rau.
429 2552 473 2610 43

491 2645 542 2707 aul
565 2670 609 2708 ror
633 2647 734 2707 δᾶιινοο
757 2641 781 2725 γ’
807 2644 953 2723 ἐμαυτόν,
975 2640 1035 2705 ἀλλ’
1061 2645 1140 2723 ὅμως
1163 2652 1246 2726 γελῶ.

258 2752 375 2812 Verte:
402 2751 555 2824 ,risum
579 2750 625 2809 de
648 2749 916 2809 salsamento
938 2749 1186 2810 devorabo'’.

214 2854 266 2913 Fr.
289 2855 364 2914 633.
388 2851 436 2912 06
459 2852 656 2911 attractione
680 2849 728 2910 Bl.
753 2849 809 2910 oft.
835 2850 1004 2924 Hermipp.
1029 2850 1060 2908 Η
1082 2850 1148 2910 415
1172 2851 1212 2911 ll.

213 2954 264 3014 11.
289 2956 366 3015 636.
389 2955 477 3014 Ante
499 2952 549 3012 Bl.
573 2952 698 3012 contuli
721 2951 872 3011 Pherecr.
897 2953 951 3025 51,
976 2952 1007 3010 3.

212 3056 261 3116 11.
286 3057 362 3118 640.
386 3056 420 3116 si
443 3068 563 3114 sanum
587 3055 652 3128 est,
676 3052 761 3127 quod
784 3052 976 3112 etiamnunc
995 3051 1122 3125 dubito,
1146 3053 1345 3132 ἑξαχοίνιπον,
1364 3059 1538 3132 peregrino

255 3158 309 3218 hic
340 3173 387 3218 rs.
410 3155 605 3217 tribuendus
628 3168 705 3213 cum
728 3153 863 3213 Kockio.
888 3152 949 3212 Pro
973 3152 1094 3212 Kleinii
1118 3155 1308 3217 coniectura
1330 3152 1539 3235 ὀπιαχοίνιπον

256 3259 305 3319 Bl.
328 3260 399 3319 iure
421 3255 568 3334 postulat
591 3250 810 3330 ὀκτωχοίνικον.

212 3359 264 3420 11.
287 3362 363 3420 646.
389 3359 461 3419 Uno
486 3373 533 3417 rs.
558 3355 606 3416 Bl.
630 3357 679 3424 (ut
701 3355 807 3427 Koclr,
830 3355 887 3427 qui
910 3358 1024 3414 tamen
1047 3359 1161 3415 servat
1183 3353 1322 3427 ἐοικέναι)

513 3451 775 3533 προσεικέναι
798 3452 855 3532 γὰρ
878 3453 972 3514 αὐτὸν
995 3447 1078 3529 οἶμαι
1100 3454 1221 3515 κόλλοπι

255 3562 397 3636 probans
420 3560 505 3619 hanc
526 3557 641 3618 061611
663 3570 839 3630 meamque
863 3556 1098 3615 coniecturam.
1122 3556 1232 3618 l'acile
1254 3563 1369 3620 autem
1389 3560 1451 3622 hac
1466 3576 1537 3621 ver·

256 3662 373 3722 borum
395 3660 653 3735 transpositione
677 3657 875 3717 carebimus.

212 3762 264 3822 l'r.
288 3765 364 3833 647,
390 3764 420 3822 2.
444 3759 479 3818 τὰ
510 3760 608 3836 ιιοὶρνοί
637 3780 696 3834 μον
716 3752 904 3833 ’ξέφηνεν
935 3763 1004 3831 (pro
1033 3754 1242 3831 μοῦξὲτιαιτεν)
1265 3761 1314 3820 Bi.
1339 3762 1459 3837 Quidni
1481 3777 1539 3837 per

256 3865 364 3924 crasln
386 3859 601 3937 μοῦξὲφρνενὶ)
627 3861 719 3920 Idem
742 3873 882 3918 servans
905 3872 1013 3917 accus.
1038 3857 1140 3918 absol.
1165 3861 1210 3929 (in
1234 3864 1404 3923 comoedia
1425 3880 1537 3940 suspe

255 3970 374 4038 ctum),
398 3963 576 4039 προύκοψεν
599 3967 696 4034 (παρ,
717 3964 781 4030 ἐξ).
805 3958 956 4017 Praestat
979 3957 1062 4016 nihil
1085 3973 1218 4021 novare.

211 4067 263 4127 11.
288 4068 364 4127 651.
388 4062 508 4139 ἀνήσεις
530 4078 607 4123 cum
630 4062 701 4122 cod.
732 4059 842 4119 11161.
866 4061 925 4118 aut
948 4055 1052 4133 ἀνήσει
1076 4060 1229 4133 praefert.
1253 4063 1302 4122 Bl.
1334 4064 1400 4124 Res
1422 4065 1538 4126 diiudi-

257 4169 325 4228 cari
349 4166 473 4239 nequit.

211 4269 353 4328 11653.
374 4267 511 4326 Temere
523 4263 572 4323 Bi.
591 4259 695 4337 φέρειν
707 4259 756 4319 δεῖ
770 4274 828 4334 pro
844 4255 948 4334 φέρειν
960 4265 1033 4329 νῦν,
1044 4262 1078 4318 et
1091 4259 1130 4318 fr.
1143 4263 1206 4321 654
1221 4264 1257 4322 Β.
1274 4264 1433 4328 (πόθεν)
1448 4265 1538 4326 εὐθὺ.

213 4368 266 4428 11.
288 4369 364 4427 657.
395 4365 457 4426 Cir.
489 4365 538 4424 Bi.
562 4363 704 4422 latinum
735 4361 895 4420 floccos
918 4357 1062 4431 legere
1086 4359 1182 4426 (Cels.
1206 4362 1292 4431 116)
1315 4369 1349 4425 61
1373 4367 1538 4442 Theophr.

256 4468 352 4529 Char.
372 4467 414 4538 11,
434 4468 474 4525 al
496 4469 529 4524 et
549 4463 633 4522 alios
652 4459 785 4534 loeosp.
799 4458 976 4518 7061319.
996 4457 1058 4516 Pro
1076 4457 1182 4535 παρὼν
1195 4464 1334 4525 coniecit
1350 4465 1539 4544 noemi»

256 4591 335 4646 χιον.
355 4568 476 4628 Lenius
488 4564 594 4639 Bergk
613 4560 791 4637 περιιών;
810 4559 1018 4619 Kockianum
1038 4572 1270 4636 παρακορῶν
1290 4581 1356 4626 non
1369 4569 1538 4643 intellego

213 4660 864 4743 ΡΥ.667.οὶπερι161ητοςΑἰοχιἰλος.

257 4770 309 4830 lta
338 4769 403 4828 dici
433 4768 563 4826 ridetur
585 4779 606 4822 a
632 4765 743 4837 poeta,
774 4763 811 4819 ut
830 4759 973 4832 Euripidi
996 4765 1188 4833 opponatur.
1211 4764 1258 4824 ut.
1282 4767 1365 4828 Ran.
1390 4770 1466 4830 839,
1491 4770 1539 4830 De

257 4870 357 4932 verbo
374 4871 542 4945 πιριλαιεῑν
566 4864 607 4924 ci.
631 4864 689 4921 Ar.
712 4860 798 4920 Eccl.
824 4860 900 4919 980.
