3502 5512
882 350 943 410 178

252 533 302 592 Fr.
328 534 402 594 824.
434 533 497 595 Cur
519 550 549 595 v.
564 535 585 594 l.
608 535 753 613 ααλνενής
777 539 992 612 praeferenda
1014 539 1072 615 sit,
1096 539 1154 598 vix
1178 537 1350 611 quisquam
1373 536 1503 611 praeter
1525 531 1575 591 Bl.

296 636 475 711 intelleget.
508 637 548 696 Et
578 637 639 698 hoc
662 653 783 711 quaeso
807 642 939 716 reputes
963 655 1126 716 nusquam
1148 637 1310 715 ααλνειής,
1333 636 1458 712 passim
1481 637 1575 693 uoto-

294 736 377 812 τελής
401 738 452 807 (01.
478 739 602 799 Iabobii
625 739 740 810 Iudex)
765 758 935 803 occurrere
955 744 988 803 in
1009 744 1211 803 comicorum
1231 740 1374 813 reliquis.
1395 736 1576 797 Vetulao

295 838 336 898 ab
366 839 431 900 illis
461 850 547 920 γρᾶες
571 844 604 901 et
628 843 792 920 γεραίτεροι
817 848 851 906 et
875 845 1180 923 ooupuldicuntu13
1205 845 1321 904 contra
1343 838 1488 915 πολοετής
1512 840 1575 897 tra·

295 940 386 1013 gicae
407 942 559 1002 dictionis
582 958 655 1003 esse
678 945 772 1006 docet
795 948 965 1021 Euripides
990 948 1042 1007 Or.
1068 948 1143 1006 413.
1170 946 1242 1006 Ηο1.
1268 945 1358 1018 851,
1379 941 1465 1001 uude
1486 955 1574 999 surn-

294 1042 339 1101 sit
361 1059 436 1103 sera
459 1045 563 1104 oratio
586 1046 759 1120 pedestris.

250 1143 401 1203 110825.
427 1146 567 1206 Facilius
598 1147 702 1223 πικρός
734 1151 897 1225 corrumpi
929 1151 1036 1224 potuit
1067 1166 1109 1211 ex
1139 1156 1237 1208 πινῶν
1268 1146 1396 1221 (Kock),
1428 1158 1527 1218 quam
1557 1158 1574 1202 e

293 1243 397 1322 ρυναῶν
421 1248 502 1316 (Bt).
528 1248 609 1323 Quid
633 1266 755 1323 quaeso
778 1253 911 1325 prodest
934 1253 1125 1313 melioribus
1148 1251 1266 1311 addere
1289 1248 1474 1310 deteriora?

251 1346 301 1406 l'r.
327 1348 401 1407 826.
427 1349 559 1423 Optime
583 1351 810 1412 1101101ιο1ιο.

250 1448 300 1508 Nr.
326 1450 400 1508 827.
426 1449 552 1525 Cobett,
578 1467 641 1511 non
667 1452 851 1530 Schmidtii,
877 1455 1145 1516 emendationem
1166 1469 1239 1514 esse
1258 1458 1441 1529 θαυμαστῶς
1460 1451 1575 1509 010001

293 1549 414 1611 Nauck.
439 1553 614 1627 Perpetem
638 1554 817 1631 coopertio
840 1558 981 1618 coniecit
1004 1557 1052 1617 Bl.

250 1650 300 1709 Fr.
326 1651 401 1711 828.
426 1653 541 1714 Kockii
566 1657 724 1717 correctio
748 1662 816 1731 (pro
841 1656 975 1737 εὐγενής)
995 1656 1127 1733 εὐτελής,
1150 1657 1266 1731 vilis,
1288 1659 1322 1716 et
1344 1656 1450 1730 aptior
1470 1657 1521 1714 est
1541 1654 1575 1711 et

294 1752 710 1827 10011101(Ί(ἒΛ-[ῐέδ’)
745 1774 843 1831 quam
879 1759 1044 1833 Blaydesii
1080 1758 1243 1837 δυσγενής,
1284 1756 1503 1831 ignobilis,
1541 1757 1576 1814 et

293 1853 411 1915 nititur
445 1856 515 1917 loco
543 1857 600 1916 BA
624 1859 698 1933 380,
727 1861 775 1919 16.
801 1859 848 1921 Cf.
880 1860 1091 1939 παιδισκάριον
1122 1857 1234 1931 εὐτελές
1258 1860 1407 1919 Menand.
1439 1857 1483 1917 IV
1508 1857 1574 1916 266

294 1954 380 2022 (1371
394 1957 433 2017 M.
459 1957 528 2018 Non
552 1963 623 2019 erat
647 1961 746 2034 igitur
770 1978 827 2022 eur
851 1964 898 2023 Bl.
923 1964 1095 2024 scriberet:
1120 1963 1237 2037 Quidni
1261 1961 1428 2040 δυσγενήςῖ

249 2054 301 2114 Fr.
326 2057 400 2118 832.
427 2059 508 2133 Quia
531 2062 618 2121 cauti
646 2065 698 2122 est
721 2064 825 2123 critici
847 2063 973 2124 leniora
996 2064 1140 2124 remedia
1163 2064 1328 2138 praeferre
1351 2060 1575 2138 gravioribus

293 2172 357 2217 non
389 2161 481 2220 video
511 2160 622 2234 quidni
654 2163 919 2238 obtemperemus
949 2165 1110 2225 Meinekio
1141 2165 1316 2239 corrigenti
1340 2162 1398 2241 ἤδη
1423 2163 1487 2234 (vel
1511 2157 1575 2238 ἡδὶ)

299 2254 385 2324 <δ’>
419 2259 562 2336 dicatve,
595 2264 717 2337 spretis
751 2264 866 2325 Kockii
898 2269 931 2325 et
962 2249 1140 2338 Blaydesii
1158 2266 1397 2326 tentaminibus
1427 2262 1517 2323 ἔνδον
1541 2265 1577 2323 01

292 2364 381 2426 ἔνδον
409 2356 512 2422 <δ’>.
545 2363 621 2423 Sola
650 2364 754 2424 altera
784 2366 872 2425 illius
900 2367 1088 2427 coniectura
1110 2360 1146 2424 ἵν’
1172 2361 1220 2444 ἥδ’
1247 2365 1370 2450 ditator]
1398 2381 1473 2426 curn
1499 2366 1574 2425 Mei·

293 2467 434 2528 neklana
458 2466 497 2524 de
521 2464 705 2539 principatu
729 2469 862 2541 pugnat.

249 2571 300 2629 Fr.
325 2570 400 2630 834.
434 2566 497 2628 Gur
527 2566 656 2625 αὐλαίαν
686 2571 854 2642 suspectat
873 2569 932 2644 Bt,
964 2570 1047 2629 scire
1074 2570 1243 2643 pervelim.
1268 2572 1296 2630 A
1319 2569 1478 2630 tentando
1501 2568 1576 2628 loco

292 2686 368 2730 eum
393 2669 595 2728 abstinuisse
620 2669 731 2729 miror.

249 2774 299 2832 Fr.
324 2773 398 2831 836.
424 2770 504 2845 Quia
526 2785 719 2844 praegressa
743 2772 876 2847 desunt,
902 2772 976 2831 sciri
1001 2773 1114 2846 nequit
1138 2776 1248 2833 utrum
1272 2768 1344 2832 aaa
1369 2806 1408 2814 -
1433 2766 1506 2831 οὐδὲ
1530 2786 1574 2831 00

292 2870 359 2933 οὔτε
383 2906 420 2913 -
441 2867 508 2930 οὔτε
539 2871 583 2930 sit
614 2871 759 2944 genuina
788 2872 883 2932 lectio
916 2888 975 2932 nec
1007 2874 1112 2947 magis
1143 2878 1255 2934 utrum
1279 2870 1365 2951 ἡμῶν
1387 2907 1426 2916 -
1448 2871 1503 2950 ἔχω
1528 2888 1572 2932 an

292 2973 377 3049 ὑμῶν
401 2971 456 3051 ἔχει
479 2973 552 3043 (Β1.)
577 2972 754 3032 Menander
776 2975 956 3049 scripserit.

248 3078 298 3136 Fr.
325 3078 399 3136 837.
436 3074 626 3134 Formulam
662 3074 842 3134 militarem
877 3079 989 3134 cortou
1020 3072 1039 3152 ἢ
1069 3075 1168 3153 βάδην
1192 3076 1241 3136 Bl.
1274 3076 1371 3136 affert
1400 3076 1503 3135 etiam
1528 3091 1573 3135 ex

292 3175 495 3237 Aristaeneti
521 3191 569 3248 ep.
595 3175 625 3234 ΙΙ
654 3176 703 3234 14.

248 3279 298 3337 Fr.
322 3279 397 3338 838.
422 3275 587 3336 inutiliter
610 3277 718 3335 tentat
741 3275 789 3334 Β1.

247 3381 297 3440 Fr.
323 3381 397 3440 845.
423 3376 602 3450 Antiphani
627 3376 742 3435 tribuit
764 3376 877 3436 Nauck
900 3377 972 3437 Mel.
997 3377 1041 3435 VI
1064 3379 1136 3437 127.
1160 3376 1208 3436 Β1.
1234 3377 1288 3437 oft.
1305 3365 1404 3437 ‘Pauli
1423 3377 1437 3436 Ι
1458 3392 1507 3450 ep.
1530 3377 1572 3437 ad

291 3481 373 3540 Tim.
398 3481 413 3540 Ι
438 3480 457 3537 9
468 3496 475 3552 ;
500 3478 595 3537 Rom.
620 3476 665 3535 IV
691 3479 748 3550 153
774 3476 843 3536 Gal.
869 3476 916 3535 III
943 3479 992 3537 19.

246 3582 296 3640 Fr.
321 3584 396 3641 846.
579 3573 594 3635 ὁ
617 3576 744 3654 θάτερος
767 3573 822 3652 μὲν
847 3581 910 3636 τοῖν
935 3577 1021 3637 δυοῖν
1046 3577 1234 3655 Διοσκόροιν.

290 3683 384 3742 Falso
409 3679 585 3742 Menandro
617 3681 745 3738 tantam
768 3678 987 3753 stribliginem
1013 3680 1111 3738 tribui
1136 3678 1239 3738 babeo
1263 3678 1570 3755 persuasissimum,

289 3800 364 3844 cum
389 3782 584 3858 praesertim
609 3795 681 3840 eam
707 3778 887 3853 Chrysippo
911 3781 1123 3853 adscripserit
1146 3780 1349 3840 Eustathius.
1382 3779 1429 3841 cf.
1453 3781 1572 3841 Kockii

288 3889 376 3945 nota.
409 3883 622 3943 Menandrum
655 3882 828 3957 scripsisse
852 3876 867 3938 δ
891 3877 945 3956 μὲν
976 3879 1070 3957 ἕτερος
1100 3880 1156 3959 γὰρ
1184 3885 1278 3955 putat
1301 3882 1349 3941 Bl.
1374 3881 1445 3940 Vid.
1470 3897 1573 3957 supra

288 3987 328 4046 ad
352 3984 562 4045 Heniochi
587 3984 624 4043 ir.
653 3984 703 4042 16.

244 4089 295 4146 Fr.
321 4088 396 4147 848.
422 4087 559 4146 Temere
583 4083 743 4144 sollicitat
767 4083 815 4142 Bl.

243 4188 294 4247 llr.
321 4189 395 4247 819.
421 4185 583 4246 Headlam
616 4180 655 4253 ὡς
679 4180 753 4252 (ἐπεὶ
777 4183 838 4251 Bl.)
870 4181 907 4240 σὺ
931 4180 1082 4257 περίεργός
1111 4200 1211 4252 <τις>
1239 4175 1282 4255 εἷ,
1310 4183 1440 4243 facilius
1464 4183 1569 4243 etiam

288 4289 434 4349 Meineke
462 4285 512 4345 καὶ
543 4285 580 4345 σὺ
611 4284 719 4364 <γδρ>
750 4305 778 4342 α.
812 4277 843 4342 εἷ.
875 4285 975 4344 Recte
1007 4284 1162 4344 Onesimo
1193 4283 1353 4344 Headlam
1378 4284 1495 4344 tribuit
1519 4301 1568 4345 vs.

287 4406 335 4463 sq.
356 4391 404 4449 sic
428 4391 630 4449 correctum:

522 4491 554 4548 0.
578 4488 760 4567 γλυκύτερον
784 4482 911 4545 01)de
931 4485 987 4564 γὰρ
1011 4483 1030 4563 ἢ
1053 4481 1136 4544 πάντ’
1162 4482 1282 4543 εἰδέναι.

285 4593 406 4668 Nauck,
439 4593 493 4666 qui
518 4591 629 4652 Cobeti
654 4589 770 4664 probat
794 4589 1030 4660 coniecturam,
1062 4589 1143 4647 citat
1165 4585 1322 4659 Cyrillum
1348 4601 1374 4645 c.
1399 4586 1570 4648 Iulianum

285 4695 345 4753 Vll
370 4711 399 4768 p.
427 4693 527 4754 2300
551 4689 653 4766 ἐπειδὴ
678 4687 710 4748 δέ
734 4687 792 4747 ἔστι
817 4688 911 4767 γλυκύ
934 4711 960 4746 τι
985 4686 1082 4745 πάντα
1106 4684 1225 4746 εἰδέναι.

241 4798 291 4856 Fr.
318 4798 382 4855 852
407 4796 490 4856 falso
523 4792 702 4853 Menandro
734 4790 897 4850 tributum
929 4805 1001 4850 esse
1032 4792 1165 4865 propter
1191 4787 1336 4847 similem
1363 4788 1569 4850 sententiam

284 4899 322 4956 fr.
349 4899 412 4956 225
438 4899 552 4956 mouet
575 4894 700 4967 Nauck,
727 4892 782 4965 qui
808 4892 863 4950 cit.
889 4891 1023 4950 Theocr.
1049 4889 1127 4949 XXI
1151 4890 1192 4949 32
1217 4903 1264 4961 sd.
