3502 5512
864 406 928 466 209

279 590 430 665 proponit
459 603 516 662 pro
546 587 686 648 absurdo
717 587 881 664 δίμορφον,
912 590 995 662 quod
1026 589 1121 649 facile
1152 591 1242 650 nasci
1271 592 1378 665 potuit
1401 609 1443 654 ex
1467 595 1555 656 illius

278 691 480 765 glossemate
503 687 694 765 δύσμορφον,
716 690 927 765 aptissimum
952 693 1064 751 autem
1087 694 1138 751 est
1161 691 1305 751 Socratis
1329 694 1508 768 epitheton.

234 792 285 851 Pr.
310 791 385 852 888.
410 790 522 850 Placet
544 790 632 865 prior
655 790 820 865 Blaydesii
843 793 1001 853 correctio
1029 786 1119 854 <o'>
1146 790 1211 869 ἔχει.

234 893 285 952 Fr.
309 893 374 952 389
398 891 487 951 Ionis
511 891 626 964 tragici
650 892 689 955 ir.
713 893 754 953 55
780 897 820 967 (p.
846 894 922 963 743)
946 909 1020 954 esse
1045 895 1173 953 censuit
1200 895 1321 955 Nauck.

233 993 284 1054 Fr.
309 995 384 1054 391.
409 993 550 1053 Probata
573 993 707 1053 Kusteri
730 1008 779 1053 vs.
807 996 821 1053 1
848 995 1049 1055 correctione
1072 994 1213 1055 alterum
1239 996 1287 1055 sic
1310 997 1425 1057 scribit
1449 999 1515 1059 Bl.:

543 1091 600 1170 ἔχει
623 1088 650 1151 δ’
677 1090 816 1171 ἀφορμὰς
840 1093 943 1172 καιρὸς
968 1091 1222 1173 ὁμολογουμένως.

233 1196 283 1256 Fr.
309 1196 384 1271 394,
410 1197 440 1256 2.
477 1195 538 1255 Vix
574 1210 694 1255 sanum
726 1199 779 1257 est
808 1195 893 1273 ἴσως,
922 1212 981 1272 pro
1011 1213 1074 1271 quo
1098 1197 1145 1257 Bl.
1171 1200 1246 1272 apte
1278 1200 1419 1260 coniecit
1446 1199 1555 1277 τόμους

278 1295 450 1374 901τόμον.

231 1398 282 1458 Fr.
308 1399 382 1458 405.
938 1396 1163 1475 ἀνθρώπων
1187 1398 1220 1479 γε’
1243 1422 1287 1459 τοι

542 1494 646 1573 ὀφλεῖν
669 1495 780 1577 γέλωτα
804 1503 937 1574 κρεῖττον
960 1497 979 1578 ἢ
1003 1496 1118 1576 μέμψιν
1142 1504 1253 1560 θεῶν.

275 1601 479 1661 Sententiam
500 1600 668 1675 postulare
687 1599 817 1660 dativos
836 1600 907 1660 sive
928 1598 1080 1686 ἀνθρώπῳ
1093 1635 1137 1643 -
1149 1606 1211 1684 θεῷ
1231 1603 1302 1664 sive
1322 1600 1551 1682 ἀνθρώποις-

207 1685 213 1698 ’
273 1706 357 1773 θεοῖς
392 1703 458 1761 iam
495 1702 575 1762 olim
606 1701 729 1761 monui.
765 1701 965 1762 Praestat
1001 1702 1047 1762 ab
1083 1704 1250 1764 homine
1286 1706 1552 1778 (hominihus)

273 1803 449 1864 irrideri
473 1817 594 1877 quam
619 1802 863 1876 vituperari
888 1803 1003 1863 adeo
1027 1803 1124 1873 (disi.

231 1905 282 1965 Fr.
307 1904 370 1964 417
396 1919 466 1979 sqq.
499 1903 593 1978 Apud
621 1902 828 1976 Apostolium
853 1902 898 1961 IV
921 1904 996 1963 68b
1020 1903 1108 1964 male
1138 1904 1201 1978 legi
1225 1901 1409 1984 ἀφνχόιεμος
1432 1913 1551 1988 λαγωοῦ

273 2004 494 2083 φεύγοντος
518 2018 576 2079 pro
602 2002 757 2081 Φρυγός
783 2006 832 2072 (ut
855 2004 971 2063 Strabo
997 2005 1103 2073 habet)
1128 2005 1318 2067 observavit
1340 2008 1512 2071 Headlam.

228 2106 279 2166 Fr.
304 2107 380 2180 420,
405 2108 435 2166 2.
470 2107 531 2166 Pro
569 2104 645 2181 ἦρος
681 2103 801 2178 requiri
838 2101 901 2181 ἥρω
944 2106 1015 2165 sive
1049 2104 1132 2183 ἥρων
1166 2107 1308 2168 antehac
1342 2111 1466 2171 monui.
1502 2113 1548 2174 ci.

272 2207 320 2267 ΒΙ.
345 2223 375 2281 p.
401 2208 475 2267 268.

226 2309 277 2369 Pr.
302 2309 366 2369 427
390 2309 573 2384 perincerta
595 2307 710 2368 nititur
733 2307 929 2367 coniectura.

226 2411 277 2471 Fr.
302 2412 377 2472 433.
403 2411 544 2472 Omnino
569 2410 633 2470 vid.
657 2409 771 2469 Nauck
794 2409 867 2469 liei.
891 2409 935 2467 VI
959 2424 989 2484 p.
1018 2406 1089 2485 137,
1115 2412 1169 2484 qui
1189 2413 1285 2472 affert
1305 2414 1450 2488 Gregorii
1470 2415 1547 2476 Nae.

270 2513 359 2573 Orat.
384 2513 398 2572 Ι
421 2528 451 2588 p.
477 2511 543 2573 50.

225 2614 276 2674 Fr.
301 2614 365 2674 447
390 2613 535 2687 Euripidi
559 2612 657 2672 tribui
681 2628 700 2672 a
723 2612 902 2687 Philopono
922 2614 954 2673 in
979 2615 1081 2674 Arist.
1102 2615 1201 2688 Phys.
1220 2631 1249 2689 p.
1270 2617 1334 2676 236
1346 2638 1373 2693 γ.
1396 2618 1470 2692 237,
1492 2620 1544 2679 29.

269 2716 391 2788 309,14
415 2716 449 2774 et
472 2711 510 2772 in'
529 2728 628 2773 aureo
652 2713 762 2773 codice
786 2715 975 2774 Aristotelis
999 2720 1113 2776 monet
1137 2716 1259 2776 Nauck.
1517 2710 1520 2715 ’

225 2816 274 2875 Fr.
299 2817 374 2876 448.
406 2814 536 2876 Contuli
567 2814 731 2889 quondam
762 2813 862 2875 Cicer.
895 2816 934 2875 de
965 2817 1064 2876 divin.
1098 2818 1129 2875 ll
1160 2819 1213 2892 59,
1247 2819 1305 2878 121
1344 2819 1443 2894 Quis
1479 2825 1544 2880 est

267 2918 376 2978 enim
400 2917 468 2991 qui
492 2917 629 2976 totum
654 2915 760 2975 diem
784 2915 980 2977 iaculans
1004 2919 1084 2977 iam
1108 2934 1187 2978 non
1211 2918 1443 2992 aliquando
1467 2921 1541 2981 col·

266 3018 423 3080 lineet?
448 3017 535 3093 Quae
561 3033 625 3077 vox
650 3018 788 3091 quadrat
811 3019 844 3077 in
869 3020 999 3079 criticos
1024 3019 1105 3080 bene
1130 3020 1263 3080 multos.

220 3120 271 3181 Fr.
294 3122 371 3181 449.
407 3119 668 3195 Improbabiliter
698 3120 746 3179 ΒΙ.
777 3124 837 3190 τοῖς
869 3117 900 3178 ἐν
932 3121 1007 3202 ᾅδου
1033 3117 1188 3196 κειμένοις.
1220 3121 1305 3180 Nihil
1332 3122 1539 3184 mutandum.

265 3223 452 3283 Sententia:
478 3222 517 3281 31
541 3222 634 3296 quis
658 3221 762 3281 mori
787 3222 946 3295 cupiat,
972 3223 1196 3282 moriaturl

220 3322 270 3382 Pr.
295 3325 357 3383 451
394 3338 437 3382 ex
472 3321 638 3396 Eupolidis
673 3319 787 3395 Δήμοις
822 3324 972 3381 sumtum
1003 3338 1076 3382 esse
1110 3323 1299 3397 suspicatur
1330 3322 1441 3383 Nauck
1475 3325 1494 3383 l.
1517 3324 1537 3383 l.

262 3439 293 3497 p.
328 3426 400 3484 161.
428 3456 466 3465 -
495 3423 632 3483 Temere
666 3418 695 3490 ἐς
730 3418 842 3479 oculo«
877 3422 949 3482 vult
983 3423 1030 3483 ΒΙ.
1067 3422 1112 3483 Gi.
1150 3423 1224 3482 Eur.
1261 3423 1284 3482 1.
1310 3423 1345 3482 Τ.
1386 3426 1468 3484 1237
1508 3422 1539 3482 ἐν

261 3521 376 3604 κιθάρᾳ
399 3521 504 3596 σοφόν.

219 3622 270 3683 Pr.
295 3625 370 3684 453.
396 3622 557 3683 Probabili
582 3622 768 3682 coniectura
791 3622 903 3682 Nauck
927 3639 945 3683 e
969 3624 1006 3683 ir.
1032 3627 1096 3684 494
1121 3624 1268 3700 supplet:

512 3722 600 3808 <ἦ1φ
624 3721 675 3781 τὸν
698 3712 786 3798 ἧλον,
809 3723 943 3806 παττάλῳ
967 3721 1018 3783 τὸν
1041 3726 1233 3800 currulem>

506 3824 578 3908 οἴνῳ
601 3822 652 3883 τὸν
675 3815 770 3896 οἶνον,
791 3822 940 3906 κραιπάλῃ
964 3821 995 3884 δὲ
1018 3826 1194 3904 κραιπάλην.

259 3929 353 3990 Unde
376 3928 476 3989 simul
499 3929 634 4002 apparet
656 3925 779 3986 frustra
802 3925 850 3985 ΒΙ.
876 3929 1003 3986 tentare
1027 3926 1098 4010 οἴνῳ
1122 3923 1176 4002 μὲν
1200 3920 1293 3985 οἶνον.

215 4030 265 4090 Fr.
291 4033 366 4092 459.
397 4030 470 4089 Iam
500 4024 703 4087 Dindorflum
736 4026 769 4084 in
800 4025 967 4085 Thesauro
998 4029 1032 4086 et
1062 4032 1138 4087 ante
1169 4028 1256 4087 hunc
1280 4029 1435 4089 Bothium
1460 4030 1534 4088 νάιν

257 4151 350 4208 πειρον
373 4130 555 4191 correxisse
577 4130 692 4187 monet
714 4126 836 4186 Nauck.
859 4159 898 4170 —
920 4127 957 4186 In
978 4126 1041 4188 fine
1066 4129 1176 4188 nescio
1198 4144 1238 4188 an
1260 4132 1347 4188 recte
1366 4130 1413 4189 Bi.
1434 4135 1535 4205 ponat

257 4234 389 4306 signum
413 4228 648 4303 interrogandi,
674 4227 745 4287 coll.
771 4227 949 4301 Antiphan.
975 4228 1088 4288 11152
1114 4229 1152 4288 Μ.

212 4331 263 4391 Fr.
288 4334 363 4392 461.
388 4331 499 4390 Nauck
524 4330 595 4390 Mel.
621 4329 664 4387 VI
687 4345 717 4403 p.
745 4330 804 4389 161
837 4344 977 4389 monens
1006 4331 1088 4404 apud
1112 4332 1326 4391 Plutarchum
1351 4333 1414 4406 legi
1439 4332 1534 4414 ᾔδειν,

256 4433 311 4492 cit.
336 4432 514 4492 Philodem.
545 4428 611 4506 περὶ
640 4429 815 4505 ποιημάτων
846 4430 909 4490 vol.
941 4431 1037 4490 Herc.
1070 4432 1118 4490 ed.
1152 4433 1212 4494 Ox.
1237 4434 1267 4491 11
1298 4449 1328 4506 p.
1357 4429 1530 4493 15311111

253 4530 324 4611 rapio
350 4530 476 4611 Θέογνιν
498 4528 651 4610 γεγονέναι
673 4529 843 4608 κατείχομεν
867 4535 899 4591 et
924 4531 997 4594 Aul.
1018 4532 1098 4592 Geli.
1120 4532 1156 4592 N.
1172 4534 1209 4592 A.
1225 4534 1237 4591 Ι
1251 4535 1280 4605 3,
1299 4536 1337 4592 19
1359 4550 1376 4593 e
1397 4535 1530 4596 LuciliO.

210 4634 261 4695 Fr.
285 4635 361 4695 470.
393 4633 543 4694 Alterum
573 4628 608 4709 ἢ,
639 4631 710 4692 coll.
743 4632 875 4692 Thesm.
908 4634 982 4706 910,
1015 4633 1101 4693 delet
1125 4634 1172 4692 Bl.
1205 4634 1275 4692 Non
1305 4635 1398 4694 video
1422 4651 1530 4695 neces-

253 4736 400 4796 sitalem.

209 4836 260 4895 Fr.
286 4837 360 4895 474.
384 4834 457 4894 Vid.
481 4848 582 4909 supra
604 4834 644 4894 ad
669 4834 732 4894 347
747 4848 776 4893 a.

209 4936 259 4996 Pr.
284 4937 348 4996 482
373 4951 488 5011 parurn
513 4950 737 4996 numerosum.
763 4934 960 4996 Modulatius
983 4934 1049 4993 Bl.:
