3502 5512
835 394 899 452 113

253 573 291 633 ut
319 587 350 632 y.
375 574 461 632 4-r
486 572 648 648 μύλλος-
663 567 764 650 ὀρφώς
783 574 872 634 idem
890 576 920 650 4,
945 575 1089 650 40-48,
1114 588 1179 634 non
1203 576 1243 633 31
1269 590 1328 651 sq,
1353 589 1435 648 quos
1460 589 1526 634 ves.

251 687 361 735 errore
391 675 471 735 citat
502 671 603 735 Kock.
629 708 669 720 -
694 674 749 735 Vs.
782 678 812 736 4.
841 675 1055 736 Probabiliter
1077 672 1185 754 σαργὸς
1209 692 1267 752 pro
1291 675 1420 755 φάγρος,
1442 676 1528 751 quod

252 778 396 838 metrum
426 791 491 839 non
522 777 599 852 fert,
632 777 771 838 coniecit
802 778 916 854 editor,
949 779 1000 838 oui
1031 776 1154 837 frustra
1180 776 1366 853 obloquitur
1389 778 1449 855 Bt,
1474 778 1529 853 qui

253 878 323 955 ipse
347 878 465 953 ubique
488 877 612 956 φιεβίας
636 893 693 953 pro
716 879 816 957 λεβίας
837 879 1003 954 corrigens
1022 879 1149 938 scilicet
1168 880 1294 939 nemini
1312 879 1531 955 persuadebit.

209 978 261 1039 Fr.
292 980 342 1056 13,
372 980 403 1040 4.
434 980 606 1055 Ingeniose
639 979 730 1041 Koclr
760 978 919 1058 βάτραχος,
949 978 1085 1059 βότρυες,
1106 976 1111 1056 1
1131 978 1203 1055 βοῦς
1231 977 1301 1056 nrt,
1334 996 1418 1055 quae
1453 996 1533 1041 vera

255 1080 418 1156 videntur,
450 1095 510 1141 nec
539 1079 679 1159 βάτραχοι
710 1082 768 1151 (sic
797 1082 857 1151 Bi.)
888 1081 1113 1142 necessarium
1144 1096 1216 1142 esse
1247 1083 1403 1142 evincunt
1430 1085 1535 1159 μῆλον,

254 1181 369 1260 κάρυον
388 1183 422 1242 in
442 1197 512 1256 sqq.
528 1216 568 1226 —
581 1182 637 1243 Vs.
659 1185 689 1243 6.
712 1183 860 1257 Speciem
881 1182 980 1244 habet
996 1182 1162 1257 Blaydesii
1176 1183 1362 1243 coniectura
1374 1181 1534 1261 ααραβίβες

254 1283 295 1343 01)
318 1283 483 1358 Posidippl
507 1282 606 1344 Verba
628 1282 673 1342 IV
696 1285 759 1345 517
784 1284 825 1344 Μ.
850 1283 1018 1361 καράβους,
1040 1283 1162 1361 κόγχας,
1185 1280 1310 1359 ἐχίνους.

210 1383 262 1444 Fr.
290 1384 340 1461 14,
368 1386 396 1444 1.
421 1380 558 1461 εὔστοχος
589 1384 713 1445 trustra
744 1385 951 1446 sollicitatur.
988 1384 1258 1446 coniecturarum
1288 1400 1463 1446 numerum
1495 1386 1534 1447 de

256 1499 347 1546 moro
370 1485 465 1546 auxit
483 1485 531 1546 Bl.
549 1518 590 1527 -
603 1485 658 1546 Vs·
684 1487 713 1546 2.
737 1486 846 1546 Idem:
872 1484 1122 1545 ὑιοοιιλατωνοιιαι
1143 1480 1146 1561 l
1168 1485 1360 1563 βρασωνοκαι
1373 1520 1413 1531 -
1426 1486 1532 1565 κερμά-

255 1608 314 1645 των
332 1584 387 1645 nrt.
401 1586 507 1657 (1101-
518 1584 867 1666 ιιερριάτου-άνάχιῃς,
879 1587 1004 1662 Voluit,
1029 1586 1178 1660 arbitror,
1204 1584 1262 1646 ὑπὸ
1279 1589 1367 1645 illut.
1391 1585 1468 1664 ιιτὲ.),
1494 1589 1533 1649 ad

255 1702 304 1747 trs.
330 1690 349 1748 4
381 1687 1094 1767 (1011131θῦ8γλισχραντιλογεξειιάιριιιτος11111).
1122 1688 1217 1749 1004.
1241 1723 1280 1732 -
1305 1689 1361 1748 Vs.
1386 1689 1416 1750 8.
1442 1689 1532 1749 Idem

257 1789 344 1849 male
366 1787 419 1848 τὸν
440 1787 521 1849 ntia
544 1786 610 1860 θεὶς
634 1789 729 1865 (quod
753 1804 818 1850 non
841 1791 953 1850 tuetur
976 1789 1098 1849 citatus
1122 1789 1162 1848 ab
1183 1790 1255 1864 ipso
1274 1790 1359 1850 Ecci.
1387 1805 1434 1851 vs.
1457 1792 1534 1858 346)

256 1888 305 1949 καὶ
335 1889 367 1951 τὸ
397 1888 516 1970 σφυρὸν
543 1890 663 1968 κνήμην
692 1884 736 1964 θ’,
765 1906 843 1952 nam
875 1891 1051 1966 requiritur
1081 1905 1252 1966 praesens,
1284 1894 1322 1952 ut
1346 1907 1394 1952 vs.
1420 1893 1450 1968 7,
1475 1906 1536 1952 nec

256 1992 456 2068 persuadent
488 1992 571 2052 mihi
605 1992 722 2054 Kockii
756 1993 974 2053 coniecturae.
1009 2024 1048 2032 -
1088 1991 1142 2051 Vs.
1174 1993 1194 2052 9
1226 2008 1290 2053 non
1322 1993 1423 2054 habet
1450 1993 1536 2055 unde

255 2094 409 2170 pendeat,
430 2108 530 2168 quare
550 2093 726 2154 admodum
747 2094 829 2154 mihi
847 2094 992 2170 placeret
1007 2093 1254 2168 Wyttenbachii
1274 2096 1416 2169 suspicio
1437 2093 1536 2167 δεθεὶς

256 2211 315 2272 pro
338 2193 430 2267 τιθεὶς
454 2196 508 2272 (8),
532 2196 594 2256 nisi
623 2199 854 2270 expectaretur
878 2192 1048 2272 δεδεμένος,
1070 2209 1175 2269 neque
1198 2195 1299 2270 igitur
1322 2196 1435 2257 dubito
1457 2198 1534 2271 quin

257 2297 358 2358 verba
384 2295 479 2368 τιθεὶς
509 2294 569 2356 ὑπὸ
600 2296 691 2374 ξυρόν
718 2299 920 2372 gravissima
941 2297 1092 2358 laborent
1114 2297 1313 2372 corruptela,
1338 2298 1389 2358 cui
1412 2299 1535 2359 mederi

258 2398 312 2458 diu
343 2397 531 2471 frustraque
562 2399 721 2472 quaesivi.
754 2430 795 2464 ε
826 2398 881 2459 Vs.
914 2400 964 2459 11.
988 2398 1036 2458 Bi.
1068 2398 1124 2458 cit.
1156 2397 1289 2472 Dionys.
1325 2398 1372 2457 ΙΙΙ
1408 2401 1472 2459 553
1503 2402 1537 2459 et

259 2498 403 2574 Alciphr.
434 2499 481 2558 111
510 2500 561 2575 55,
588 2500 618 2559 2.
652 2533 693 2541 —
724 2499 780 2561 Vs.
816 2501 865 2560 12.
901 2496 941 2570 ὡς
975 2495 1131 2576 ἐμούδότει
1162 2498 1210 2559 Bi.
1243 2499 1306 2559 Sed
1338 2501 1394 2559 vix
1425 2500 1537 2561 omitti

258 2601 365 2675 potuit
395 2598 495 2678 λόγον,
517 2602 555 2660 ut
577 2601 684 2661 sensit
707 2601 798 2661 Kock
822 2615 1006 2676 proponens
1029 2596 1068 2671 ὡς
1092 2595 1292 2678 ἔμο1,1όχον,
1315 2601 1399 2674 quod
1422 2607 1536 2662 tamen

258 2704 403 2778 tragicae
429 2705 493 2779 est,
519 2703 576 2762 vix
596 2702 741 2763 comicae
761 2702 923 2763 dictionis.
943 2702 1030 2761 Num
1050 2702 1134 2763 forte
1153 2699 1185 2760 ἓν
1204 2695 1227 2780 χ’
1251 2698 1338 2777 tuot?
1352 2735 1391 2745 -
1410 2702 1462 2762 Vs.
1486 2703 1535 2762 13.

259 2804 372 2875 πόλεως
396 2818 454 2879 pro
476 2802 587 2881 χθονός
610 2803 724 2863 Nauck
747 2803 820 2864 Mei.
844 2803 958 2864 11130
982 2818 1030 2879 sq.
1054 2802 1099 2863 IV
1123 2804 1197 2879 203,
1222 2803 1276 2864 VI.

216 2908 268 2969 Fr.
295 2909 346 2982 15,
372 2908 402 2968 7.
426 2903 457 2964 εἴ
470 2899 523 2964 τιν’
549 2921 606 2981 pro
630 2904 721 2964 ἐνίοτε
744 2920 809 2966 non
833 2904 1010 2978 maleABla
1034 2905 1095 2965 hoc
1118 2905 1176 2964 vix
1198 2905 1380 2965 ferendum.

216 3009 267 3069 Fr.
297 3010 347 3083 16,
378 3009 407 3068 1.
439 3002 488 3082 ἐμὲ
518 3010 628 3084 μαθεῖν
659 3022 717 3081 pro
748 3004 891 3084 ἐκμαθεῖν
922 3007 970 3067 Bi.
1003 3007 1187 3067 Pronomen
1219 3021 1297 3066 sane
1333 3007 1390 3066 vix
1421 3006 1537 3067 abesse

259 3110 402 3186 poterat,
433 3122 494 3169 nec
523 3122 588 3169 non
619 3109 703 3168 satis
725 3124 825 3183 grave
848 3111 919 3169 erat
944 3122 1200 3182 cognoscere
1223 3109 1367 3182 pessima
1390 3108 1539 3182 Dionysii

259 3210 393 3285 tyranni
416 3209 580 3284 dramata,
605 3224 705 3283 quere
729 3211 840 3270 nescio
864 3225 905 3269 an
929 3208 1096 3286 probanda
1118 3210 1164 3269 sit
1186 3209 1267 3268 haec
1289 3210 1455 3270 correctio.

215 3312 267 3372 Fr.
294 3312 345 3387 17,
374 3313 389 3371 1
414 3310 462 3371 Bi.
491 3326 556 3371 non
586 3312 734 3371 sentiens
763 3311 911 3385 ineptum
938 3325 1012 3371 esse
1035 3309 1084 3369 sic
1107 3309 1255 3368 additum
1279 3308 1365 3385 θεός,
1387 3311 1539 3384 proponit

238 3406 309 3493 ,εἶν’
337 3411 448 3490 ἔφασκε
471 3414 524 3475 vel
548 3411 624 3483 Ζεὺς
647 3407 749 3488 ἔφασκ’
776 3406 852 3472 εἶναι
877 3413 928 3473 vel
952 3410 1007 3489 μέν
1035 3428 1137 3490 <χε>,
1160 3426 1299 3485 quorum
1322 3410 1406 3470 nihii
1428 3410 1537 3484 probo.

259 3515 454 3576 Necessaria
485 3515 613 3575 videtur
635 3517 693 3575 aut
713 3513 864 3575 Meinekii
887 3514 1074 3574 emendatio
1105 3515 1163 3572 aut
1193 3525 1281 3587 mea,
1317 3510 1368 3571 cui
1392 3509 1482 3570 iavet
1505 3511 1537 3569 in

262 3631 312 3676 VS.
338 3617 357 3675 2
382 3612 514 3691 ἕτερος
532 3609 692 3692 Ἡρακλῆς.

216 3718 269 3778 Fr.
293 3717 343 3777 18.
364 3717 413 3776 Bl.
434 3716 489 3778 cit.
509 3713 630 3791 ἀνδρῶν
649 3723 801 3794 γυναικῶν
820 3714 902 3774 Ran.
926 3716 998 3774 157.
1021 3714 1180 3775 Similiter
1203 3713 1323 3773 dicitur
1342 3708 1418 3771 νέων
1437 3710 1538 3791 γερόν-

262 3838 336 3890 των,
359 3817 433 3876 alia.
1630 3799 1633 3804 Ι

218 3917 270 3976 Fr.
294 3917 347 3977 20.
837 3915 909 3976 όταν
932 3913 988 3996 γὰρ
1013 3913 1055 3976 ὢν
1080 3915 1146 3989 νέος

485 4016 640 4097 ἀλλότριον
663 4016 856 4078 εἰσελθὼν
880 4015 959 4091 ὄψον
982 4014 1097 4076 ἐσθίειν
1121 4016 1221 4098 μάθῃ,
1243 4014 1300 4076 ιιιὲ.

263 4119 448 4193 speciosius
478 4136 578 4194 quam
610 4122 719 4182 verius
749 4122 808 4196 Bt,
840 4119 913 4181 coil.
943 4119 983 4180 ir.
1016 4121 1068 4192 33,
1102 4121 1131 4192 3,
1158 4119 1297 4180 coniecit
1319 4116 1432 4192 εἰσδας,
1455 4119 1540 4192 quod

265 4219 383 4279 dicitur
425 4221 463 4281 de
508 4237 545 4282 eo
580 4223 634 4296 qui
677 4223 781 4281 invito
824 4220 946 4294 hospiti
979 4236 1016 4281 se
1050 4220 1208 4294 obtrudit,
1244 4220 1355 4293 itaque
1390 4233 1453 4279 non
1490 4221 1541 4278 est

267 4319 361 4379 huius
392 4321 464 4382 loci.
499 4321 560 4382 Vir
591 4322 704 4382 dubito
735 4321 813 4397 quin
843 4324 1010 4382 ametrum
1042 4322 1251 4396 participium
1283 4320 1391 4380 aliena
1421 4334 1541 4379 manus

264 4419 437 4482 invexerit.
462 4423 544 4499 Quia
567 4427 679 4484 autem
704 4423 819 4483 abesse
843 4422 978 4482 omnino
1001 4437 1066 4482 non
1090 4424 1197 4498 potuit
1220 4435 1400 4497 pronomen
1425 4421 1541 4495 imper·

268 4519 393 4596 sonale,
422 4525 560 4584 conicio:

799 4623 871 4683 ὅταν
900 4641 969 4696 <τις
994 4639 1069 4684 cum
1094 4624 1173 4688 Bl.>
1201 4621 1244 4683 ὢν
1268 4620 1333 4694 νέος

486 4723 641 4804 ἀλλότριον
668 4723 841 4805 <άργὸς1>
868 4723 948 4802 ὄψον
972 4723 1086 4785 ἐσθίειν
1110 4725 1210 4808 μάθῃ,

486 4824 660 4904 άσόμβολόν
682 4848 712 4886 τε
734 4832 814 4905 χεῖρα
838 4827 994 4910 προσβάλῃ
1018 4828 1108 4910 βορᾷ,

488 4927 607 4988 διδόναι
630 4922 728 5006 νόμιζ’
755 4926 847 4988 αὐτὸν
872 4927 909 4986 σὺ
932 4936 983 5005 τῆς
1007 4927 1115 5000 νυκτὸς
1138 4926 1236 5006 λόγον.

1424 5032 1439 5074 s
