<?xml version="1.0" encoding="UTF-8"?>
<!DOCTYPE html PUBLIC "-//W3C//DTD XHTML 1.0 Transitional//EN"
    "http://www.w3.org/TR/xhtml1/DTD/xhtml1-transitional.dtd">
<html xmlns="http://www.w3.org/1999/xhtml" xml:lang="en" lang="en">
 <head>
  <title>
</title>
<meta http-equiv="Content-Type" content="text/html;charset=utf-8" />
  <meta name='ocr-system' content='tesseract 3.04.00' />
  <meta name='ocr-capabilities' content='ocr_page ocr_carea ocr_par ocr_line ocrx_word'/>
</head>
<body>
  <div class='ocr_page' id='page_1' title='image "./collectaneacrit00herwgoog_0028.png"; bbox 0 0 3502 5512; ppageno 0'>
   <div class='ocr_carea' id='block_1_1' title="bbox 869 391 908 451">
    <p class='ocr_par' dir='ltr' id='par_1_1' title="bbox 869 391 908 451">
     <span class='ocr_line' id='line_1_1' title="bbox 869 391 908 451; baseline 0.077 -3"><span class='ocrx_word' id='word_1_1' title='bbox 869 391 908 451; x_wconf 80' lang='lat'>15</span> 
     </span>
    </p>
   </div>
   <div class='ocr_carea' id='block_1_2' title="bbox 224 571 1546 665">
    <p class='ocr_par' dir='ltr' id='par_1_2' title="bbox 224 571 1546 665">
     <span class='ocr_line' id='line_1_2' title="bbox 224 571 1546 665; baseline 0.008 -31"><span class='ocrx_word' id='word_1_2' title='bbox 224 575 275 637; x_wconf 90' lang='lat' dir='ltr'>Fr.</span> <span class='ocrx_word' id='word_1_3' title='bbox 301 580 354 654; x_wconf 85' lang='lat'>64,</span> <span class='ocrx_word' id='word_1_4' title='bbox 380 580 410 639; x_wconf 85' lang='lat'>3.</span> <span class='ocrx_word' id='word_1_5' title='bbox 442 571 478 636; x_wconf 78' lang='grc' dir='ltr'><strong><em>ἵν’</em></strong></span> <span class='ocrx_word' id='word_1_6' title='bbox 512 574 606 636; x_wconf 74' lang='grc' dir='ltr'><strong><em>ἐλάλει</em></strong></span> <span class='ocrx_word' id='word_1_7' title='bbox 638 578 805 638; x_wconf 86' lang='lat' dir='ltr'>Hermann</span> <span class='ocrx_word' id='word_1_8' title='bbox 838 576 899 649; x_wconf 80' lang='lat' dir='ltr'>(iva</span> <span class='ocrx_word' id='word_1_9' title='bbox 928 581 1002 661; x_wconf 73' lang='grc' dir='ltr'><strong><em>λαλῇ</em></strong></span> <span class='ocrx_word' id='word_1_10' title='bbox 1026 579 1101 653; x_wconf 90' lang='lat' dir='ltr'><strong>Bl.);</strong></span> <span class='ocrx_word' id='word_1_11' title='bbox 1127 580 1277 640; x_wconf 78' lang='grc' dir='ltr'><strong><em>διαλαλεῖν</em></strong></span> <span class='ocrx_word' id='word_1_12' title='bbox 1300 581 1411 644; x_wconf 81' lang='lat' dir='ltr'><strong>Cobet.</strong></span> <span class='ocrx_word' id='word_1_13' title='bbox 1435 590 1546 665; x_wconf 88' lang='grc' dir='ltr'><strong><em>(μειρα-</em></strong></span> 
     </span>
    </p>
   </div>
   <div class='ocr_carea' id='block_1_3' title="bbox 126 677 1545 5025">
    <p class='ocr_par' dir='ltr' id='par_1_3' title="bbox 269 677 1510 759">
     <span class='ocr_line' id='line_1_3' title="bbox 269 677 1510 759; baseline 0.01 -24"><span class='ocrx_word' id='word_1_14' title='bbox 269 677 359 736; x_wconf 84' lang='grc' dir='ltr'><strong><em>κίοισι</em></strong></span> <span class='ocrx_word' id='word_1_15' title='bbox 382 682 482 737; x_wconf 83' lang='grc' dir='ltr'><strong><em>λαλεῖν</em></strong></span> <span class='ocrx_word' id='word_1_16' title='bbox 505 679 574 748; x_wconf 77' lang='lat' dir='ltr'>Bt).</span> <span class='ocrx_word' id='word_1_17' title='bbox 599 679 806 740; x_wconf 77' lang='lat' dir='ltr'><strong>Alterutrum</strong></span> <span class='ocrx_word' id='word_1_18' title='bbox 830 678 969 738; x_wconf 90' lang='lat' dir='ltr'>Dobraei</span> <span class='ocrx_word' id='word_1_19' title='bbox 992 681 1200 742; x_wconf 82' lang='lat' dir='ltr'>coniecturae</span> <span class='ocrx_word' id='word_1_20' title='bbox 1223 684 1366 759; x_wconf 83' lang='lat' dir='ltr'>praefert</span> <span class='ocrx_word' id='word_1_21' title='bbox 1387 685 1510 748; x_wconf 78' lang='lat' dir='ltr'>Nauck.</span> 
     </span>
    </p>

    <p class='ocr_par' dir='ltr' id='par_1_4' title="bbox 224 777 893 856">
     <span class='ocr_line' id='line_1_4' title="bbox 224 777 893 856; baseline 0.004 -18"><span class='ocrx_word' id='word_1_22' title='bbox 224 779 276 840; x_wconf 92' lang='lat' dir='ltr'>Fr.</span> <span class='ocrx_word' id='word_1_23' title='bbox 302 781 354 840; x_wconf 79' lang='lat'>65.</span> <span class='ocrx_word' id='word_1_24' title='bbox 379 777 544 856; x_wconf 72' lang='grc' dir='ltr'><strong><em>έμπολῆσαι</em></strong></span> <span class='ocrx_word' id='word_1_25' title='bbox 568 795 680 840; x_wconf 89' lang='lat' dir='ltr'>meum</span> <span class='ocrx_word' id='word_1_26' title='bbox 705 780 821 855; x_wconf 89' lang='lat' dir='ltr'>probat</span> <span class='ocrx_word' id='word_1_27' title='bbox 844 780 893 841; x_wconf 90' lang='lat' dir='ltr'>Bl.</span> 
     </span>
    </p>

    <p class='ocr_par' dir='ltr' id='par_1_5' title="bbox 223 882 1545 1146">
     <span class='ocr_line' id='line_1_5' title="bbox 223 882 1545 967; baseline 0.006 -26"><span class='ocrx_word' id='word_1_28' title='bbox 223 882 275 942; x_wconf 89' lang='lat' dir='ltr'>Fr.</span> <span class='ocrx_word' id='word_1_29' title='bbox 301 884 354 944; x_wconf 88' lang='lat'>68.</span> <span class='ocrx_word' id='word_1_30' title='bbox 379 883 408 943; x_wconf 84' lang='lat'>2.</span> <span class='ocrx_word' id='word_1_31' title='bbox 432 883 570 958; x_wconf 86' lang='lat' dir='ltr'>Propter</span> <span class='ocrx_word' id='word_1_32' title='bbox 594 883 711 944; x_wconf 88' lang='lat' dir='ltr'>duram</span> <span class='ocrx_word' id='word_1_33' title='bbox 736 883 909 958; x_wconf 81' lang='lat' dir='ltr'>anapaesti</span> <span class='ocrx_word' id='word_1_34' title='bbox 932 883 1125 944; x_wconf 86' lang='lat' dir='ltr'>incisionem</span> <span class='ocrx_word' id='word_1_35' title='bbox 1150 885 1199 945; x_wconf 94' lang='lat' dir='ltr'>Bl.</span> <span class='ocrx_word' id='word_1_36' title='bbox 1221 885 1319 946; x_wconf 90' lang='lat' dir='ltr'>malit</span> <span class='ocrx_word' id='word_1_37' title='bbox 1341 882 1397 946; x_wconf 75' lang='grc' dir='ltr'><strong><em>οἵτ’</em></strong></span> <span class='ocrx_word' id='word_1_38' title='bbox 1424 887 1545 967; x_wconf 80' lang='grc' dir='ltr'><strong><em>ἰσχάδας</em></strong></span> 
     </span>
     <span class='ocr_line' id='line_1_6' title="bbox 267 981 1545 1065; baseline 0.009 -23"><span class='ocrx_word' id='word_1_39' title='bbox 267 1006 317 1061; x_wconf 88' lang='grc' dir='ltr'>μοι</span> <span class='ocrx_word' id='word_1_40' title='bbox 352 981 408 1043; x_wconf 84' lang='grc' dir='ltr'><strong><em>κτὲ.</em></strong></span> <span class='ocrx_word' id='word_1_41' title='bbox 431 1017 473 1026; x_wconf 87' lang='grc'>-</span> <span class='ocrx_word' id='word_1_42' title='bbox 498 983 554 1044; x_wconf 87' lang='lat' dir='ltr'>Vs.</span> <span class='ocrx_word' id='word_1_43' title='bbox 579 985 599 1043; x_wconf 84' lang='lat'>3</span> <span class='ocrx_word' id='word_1_44' title='bbox 633 985 763 1060; x_wconf 80' lang='lat' dir='ltr'>requiro</span> <span class='ocrx_word' id='word_1_45' title='bbox 798 983 1024 1063; x_wconf 80' lang='grc' dir='ltr'><strong><em>βαρβάρως,</em></strong></span> <span class='ocrx_word' id='word_1_46' title='bbox 1061 987 1137 1059; x_wconf 86' lang='lat' dir='ltr'>quia</span> <span class='ocrx_word' id='word_1_47' title='bbox 1168 986 1331 1065; x_wconf 80' lang='grc' dir='ltr'><strong><em>βαρβάροις</em></strong></span> <span class='ocrx_word' id='word_1_48' title='bbox 1362 991 1545 1064; x_wconf 78' lang='lat' dir='ltr'>postularet</span> 
     </span>
     <span class='ocr_line' id='line_1_7' title="bbox 266 1086 454 1146; baseline 0 -1"><span class='ocrx_word' id='word_1_49' title='bbox 266 1086 454 1146; x_wconf 90' lang='lat' dir='ltr'>articulum.</span> 
     </span>
    </p>

    <p class='ocr_par' dir='ltr' id='par_1_6' title="bbox 222 1185 1542 1366">
     <span class='ocr_line' id='line_1_8' title="bbox 222 1185 1542 1268; baseline 0.007 -23"><span class='ocrx_word' id='word_1_50' title='bbox 222 1186 273 1247; x_wconf 80' lang='lat' dir='ltr'>Fr.</span> <span class='ocrx_word' id='word_1_51' title='bbox 299 1189 352 1259; x_wconf 87' lang='grc'>69,</span> <span class='ocrx_word' id='word_1_52' title='bbox 373 1189 404 1247; x_wconf 87' lang='grc'>4.</span> <span class='ocrx_word' id='word_1_53' title='bbox 427 1187 582 1247; x_wconf 76' lang='lat' dir='ltr'>Fortasse</span> <span class='ocrx_word' id='word_1_54' title='bbox 605 1191 693 1249; x_wconf 82' lang='lat' dir='ltr'>recte</span> <span class='ocrx_word' id='word_1_55' title='bbox 709 1188 758 1249; x_wconf 93' lang='lat' dir='ltr'>Bl.</span> <span class='ocrx_word' id='word_1_56' title='bbox 780 1186 829 1260; x_wconf 76' lang='grc' dir='ltr'><strong><em>[τί]</em></strong></span> <span class='ocrx_word' id='word_1_57' title='bbox 843 1186 924 1265; x_wconf 90' lang='grc' dir='ltr'><strong><em>λάβω</em></strong></span> <span class='ocrx_word' id='word_1_58' title='bbox 944 1186 1066 1264; x_wconf 82' lang='grc' dir='ltr'><strong><em>κεράσαι</em></strong></span> <span class='ocrx_word' id='word_1_59' title='bbox 1087 1204 1135 1248; x_wconf 95' lang='grc' dir='ltr'>σοι</span> <span class='ocrx_word' id='word_1_60' title='bbox 1153 1185 1208 1266; x_wconf 78' lang='grc' dir='ltr'>τὴν</span> <span class='ocrx_word' id='word_1_61' title='bbox 1228 1190 1422 1268; x_wconf 73' lang='grc' dir='ltr'><strong><em>κοτυλίσκηνς</em></strong></span> <span class='ocrx_word' id='word_1_62' title='bbox 1442 1194 1497 1256; x_wconf 87' lang='lat' dir='ltr'>Vs.</span> <span class='ocrx_word' id='word_1_63' title='bbox 1512 1195 1542 1257; x_wconf 83' lang='lat'>7.</span> 
     </span>
     <span class='ocr_line' id='line_1_9' title="bbox 266 1285 678 1366; baseline 0.007 -19"><span class='ocrx_word' id='word_1_64' title='bbox 266 1287 358 1364; x_wconf 82' lang='grc' dir='ltr'><strong><em>μέλην</em></strong></span> <span class='ocrx_word' id='word_1_65' title='bbox 382 1303 439 1363; x_wconf 90' lang='lat' dir='ltr'>pro</span> <span class='ocrx_word' id='word_1_66' title='bbox 463 1285 538 1366; x_wconf 74' lang='grc' dir='ltr'><strong><em>ἐμὴν</em></strong></span> <span class='ocrx_word' id='word_1_67' title='bbox 561 1289 678 1350; x_wconf 86' lang='lat' dir='ltr'>Naber.</span> 
     </span>
    </p>

    <p class='ocr_par' dir='ltr' id='par_1_7' title="bbox 222 1380 1542 1670">
     <span class='ocr_line' id='line_1_10' title="bbox 222 1380 1542 1473; baseline 0.01 -25"><span class='ocrx_word' id='word_1_68' title='bbox 222 1389 272 1450; x_wconf 89' lang='lat' dir='ltr'>Fr.</span> <span class='ocrx_word' id='word_1_69' title='bbox 298 1390 351 1466; x_wconf 81' lang='lat'>70,</span> <span class='ocrx_word' id='word_1_70' title='bbox 378 1392 407 1451; x_wconf 78' lang='lat'>2.</span> <span class='ocrx_word' id='word_1_71' title='bbox 438 1390 607 1450; x_wconf 69' lang='lat' dir='ltr'>neutonam</span> <span class='ocrx_word' id='word_1_72' title='bbox 631 1386 685 1467; x_wconf 79' lang='grc' dir='ltr'>μὲν</span> <span class='ocrx_word' id='word_1_73' title='bbox 708 1380 764 1450; x_wconf 80' lang='grc' dir='ltr'>οὖν</span> <span class='ocrx_word' id='word_1_74' title='bbox 788 1393 989 1453; x_wconf 85' lang='lat' dir='ltr'>coniunctim</span> <span class='ocrx_word' id='word_1_75' title='bbox 1017 1395 1051 1453; x_wconf 89' lang='lat' dir='ltr'>et</span> <span class='ocrx_word' id='word_1_76' title='bbox 1073 1391 1195 1466; x_wconf 89' lang='lat' dir='ltr'>raptim</span> <span class='ocrx_word' id='word_1_77' title='bbox 1219 1396 1425 1468; x_wconf 89' lang='lat' dir='ltr'>pronuntiari</span> <span class='ocrx_word' id='word_1_78' title='bbox 1448 1402 1542 1473; x_wconf 90' lang='lat' dir='ltr'>putat</span> 
     </span>
     <span class='ocr_line' id='line_1_11' title="bbox 265 1492 1540 1568; baseline 0.006 -17"><span class='ocrx_word' id='word_1_79' title='bbox 265 1492 329 1567; x_wconf 90' lang='lat' dir='ltr'><strong>Bl.,</strong></span> <span class='ocrx_word' id='word_1_80' title='bbox 365 1492 476 1566; x_wconf 88' lang='lat' dir='ltr'>itaque</span> <span class='ocrx_word' id='word_1_81' title='bbox 509 1492 587 1553; x_wconf 86' lang='lat' dir='ltr'>ferri</span> <span class='ocrx_word' id='word_1_82' title='bbox 621 1508 717 1567; x_wconf 84' lang='lat' dir='ltr'>posse</span> <span class='ocrx_word' id='word_1_83' title='bbox 752 1495 925 1568; x_wconf 85' lang='lat' dir='ltr'>anapaesti</span> <span class='ocrx_word' id='word_1_84' title='bbox 956 1495 1165 1567; x_wconf 77' lang='lat' dir='ltr'>incisionem3</span> <span class='ocrx_word' id='word_1_85' title='bbox 1199 1510 1247 1555; x_wconf 83' lang='lat' dir='ltr'>ve.</span> <span class='ocrx_word' id='word_1_86' title='bbox 1279 1498 1298 1555; x_wconf 80' lang='lat'>4</span> <span class='ocrx_word' id='word_1_87' title='bbox 1330 1497 1428 1558; x_wconf 89' lang='lat' dir='ltr'>malit</span> <span class='ocrx_word' id='word_1_88' title='bbox 1457 1500 1486 1558; x_wconf 84' lang='grc' dir='ltr'>τί</span> <span class='ocrx_word' id='word_1_89' title='bbox 1512 1495 1540 1559; x_wconf 84' lang='lat' dir='ltr'>o&#39;</span> 
     </span>
     <span class='ocr_line' id='line_1_12' title="bbox 266 1591 1397 1670; baseline 0.005 -20"><span class='ocrx_word' id='word_1_90' title='bbox 266 1593 368 1663; x_wconf 70' lang='grc' dir='ltr'><strong><em>οἴνους</em></strong></span> <span class='ocrx_word' id='word_1_91' title='bbox 390 1592 511 1670; x_wconf 82' lang='grc' dir='ltr'><strong><em>τέτταρα</em></strong></span> <span class='ocrx_word' id='word_1_92' title='bbox 535 1599 592 1665; x_wconf 88' lang='lat' dir='ltr'>(sc.</span> <span class='ocrx_word' id='word_1_93' title='bbox 616 1592 701 1670; x_wconf 76' lang='grc' dir='ltr'><strong><em>μέρη)</em></strong></span> <span class='ocrx_word' id='word_1_94' title='bbox 725 1597 828 1669; x_wconf 88' lang='lat' dir='ltr'>recte,</span> <span class='ocrx_word' id='word_1_95' title='bbox 855 1611 903 1655; x_wconf 88' lang='lat' dir='ltr'>vs.</span> <span class='ocrx_word' id='word_1_96' title='bbox 929 1597 948 1656; x_wconf 84' lang='lat'>5</span> <span class='ocrx_word' id='word_1_97' title='bbox 972 1594 1116 1670; x_wconf 89' lang='lat' dir='ltr'>probans</span> <span class='ocrx_word' id='word_1_98' title='bbox 1140 1610 1252 1656; x_wconf 91' lang='lat' dir='ltr'>meum</span> <span class='ocrx_word' id='word_1_99' title='bbox 1277 1591 1304 1655; x_wconf 89' lang='grc' dir='ltr'>α’</span> <span class='ocrx_word' id='word_1_100' title='bbox 1330 1597 1397 1656; x_wconf 73' lang='grc' dir='ltr'><strong><em>ἔδει.</em></strong></span> 
     </span>
    </p>

    <p class='ocr_par' dir='ltr' id='par_1_8' title="bbox 220 1694 1273 1771">
     <span class='ocr_line' id='line_1_13' title="bbox 220 1694 1273 1771; baseline 0.003 -18"><span class='ocrx_word' id='word_1_101' title='bbox 220 1694 271 1755; x_wconf 87' lang='lat' dir='ltr'>Fr.</span> <span class='ocrx_word' id='word_1_102' title='bbox 297 1696 339 1754; x_wconf 81' lang='lat'>70</span> <span class='ocrx_word' id='word_1_103' title='bbox 364 1696 399 1756; x_wconf 90' lang='grc'>0.</span> <span class='ocrx_word' id='word_1_104' title='bbox 424 1695 562 1756; x_wconf 81' lang='lat' dir='ltr'>Grusius</span> <span class='ocrx_word' id='word_1_105' title='bbox 586 1697 680 1767; x_wconf 86' lang='lat' dir='ltr'>(Mus.</span> <span class='ocrx_word' id='word_1_106' title='bbox 704 1695 765 1756; x_wconf 88' lang='lat' dir='ltr'>Rh.</span> <span class='ocrx_word' id='word_1_107' title='bbox 791 1697 844 1771; x_wconf 83' lang='lat'>42,</span> <span class='ocrx_word' id='word_1_108' title='bbox 872 1698 935 1757; x_wconf 84' lang='lat'>199</span> <span class='ocrx_word' id='word_1_109' title='bbox 959 1704 1019 1771; x_wconf 81' lang='lat' dir='ltr'>sq.)</span> <span class='ocrx_word' id='word_1_110' title='bbox 1043 1696 1091 1755; x_wconf 84' lang='lat' dir='ltr'>sic</span> <span class='ocrx_word' id='word_1_111' title='bbox 1115 1695 1273 1771; x_wconf 84' lang='lat' dir='ltr'>disponit:</span> 
     </span>
    </p>

    <p class='ocr_par' dir='ltr' id='par_1_9' title="bbox 575 1794 1157 2076">
     <span class='ocr_line' id='line_1_14' title="bbox 575 1794 1157 1876; baseline 0.003 -19"><span class='ocrx_word' id='word_1_112' title='bbox 575 1794 696 1876; x_wconf 85' lang='grc' dir='ltr'><strong><em>ἀνδρες,</em></strong></span> <span class='ocrx_word' id='word_1_113' title='bbox 719 1797 857 1876; x_wconf 80' lang='grc' dir='ltr'><strong><em>πρόσχετε</em></strong></span> <span class='ocrx_word' id='word_1_114' title='bbox 879 1797 932 1858; x_wconf 83' lang='grc' dir='ltr'>τὸν</span> <span class='ocrx_word' id='word_1_115' title='bbox 955 1806 1031 1858; x_wconf 81' lang='grc' dir='ltr'><strong><em>νοῦν</em></strong></span> <span class='ocrx_word' id='word_1_116' title='bbox 1055 1842 1157 1871; x_wconf 65' lang='lat' dir='ltr'>uv-</span> 
     </span>
     <span class='ocr_line' id='line_1_15' title="bbox 575 1896 954 1982; baseline 0.005 -27"><span class='ocrx_word' id='word_1_117' title='bbox 575 1945 639 1973; x_wconf 67' lang='lat' dir='ltr'>w</span> <span class='ocrx_word' id='word_1_118' title='bbox 662 1896 837 1977; x_wconf 77' lang='grc' dir='ltr'><strong><em>έξεορήματι</em></strong></span> <span class='ocrx_word' id='word_1_119' title='bbox 859 1908 954 1982; x_wconf 78' lang='grc' dir='ltr'><strong><em>καινῷ</em></strong></span> 
     </span>
     <span class='ocr_line' id='line_1_16' title="bbox 575 1997 1002 2076; baseline 0.012 -20"><span class='ocrx_word' id='word_1_120' title='bbox 575 1999 774 2076; x_wconf 86' lang='grc' dir='ltr'><strong><em>σομπτάκτοις</em></strong></span> <span class='ocrx_word' id='word_1_121' title='bbox 797 1997 1002 2072; x_wconf 83' lang='grc' dir='ltr'><strong><em>ἀναπαίστοις.</em></strong></span> 
     </span>
    </p>

    <p class='ocr_par' dir='ltr' id='par_1_10' title="bbox 219 2097 765 2179">
     <span class='ocr_line' id='line_1_17' title="bbox 219 2097 765 2179; baseline 0.005 -20"><span class='ocrx_word' id='word_1_122' title='bbox 219 2100 270 2160; x_wconf 82' lang='lat' dir='ltr'>Fr.</span> <span class='ocrx_word' id='word_1_123' title='bbox 296 2101 339 2161; x_wconf 89' lang='lat'>80</span> <span class='ocrx_word' id='word_1_124' title='bbox 364 2103 394 2162; x_wconf 82' lang='lat'>4.</span> <span class='ocrx_word' id='word_1_125' title='bbox 419 2097 614 2179; x_wconf 82' lang='grc' dir='ltr'><strong><em>κάμπέπρησο</em></strong></span> <span class='ocrx_word' id='word_1_126' title='bbox 639 2102 765 2162; x_wconf 86' lang='lat' dir='ltr'>Kaibel.</span> 
     </span>
    </p>

    <p class='ocr_par' dir='ltr' id='par_1_11' title="bbox 219 2201 1539 2283">
     <span class='ocr_line' id='line_1_18' title="bbox 219 2201 1539 2283; baseline 0.005 -23"><span class='ocrx_word' id='word_1_127' title='bbox 219 2201 270 2261; x_wconf 89' lang='lat' dir='ltr'>Fr.</span> <span class='ocrx_word' id='word_1_128' title='bbox 295 2203 348 2277; x_wconf 87' lang='lat'>81,</span> <span class='ocrx_word' id='word_1_129' title='bbox 379 2203 406 2263; x_wconf 90' lang='lat'>1.</span> <span class='ocrx_word' id='word_1_130' title='bbox 449 2203 563 2264; x_wconf 91' lang='lat' dir='ltr'>Deleto</span> <span class='ocrx_word' id='word_1_131' title='bbox 605 2219 736 2265; x_wconf 86' lang='lat' dir='ltr'>mecum</span> <span class='ocrx_word' id='word_1_132' title='bbox 778 2201 959 2282; x_wconf 86' lang='grc' dir='ltr'><strong><em>τριωβόλου,</em></strong></span> <span class='ocrx_word' id='word_1_133' title='bbox 1000 2202 1091 2264; x_wconf 84' lang='lat' dir='ltr'>Koelr</span> <span class='ocrx_word' id='word_1_134' title='bbox 1133 2205 1217 2265; x_wconf 91' lang='lat' dir='ltr'>coni.</span> <span class='ocrx_word' id='word_1_135' title='bbox 1259 2205 1451 2283; x_wconf 86' lang='grc' dir='ltr'><strong><em>κραποτάλου</em></strong></span> <span class='ocrx_word' id='word_1_136' title='bbox 1489 2206 1539 2266; x_wconf 83' lang='grc' dir='ltr'>καλ</span> 
     </span>
    </p>

    <p class='ocr_par' dir='ltr' id='par_1_12' title="bbox 224 2297 1539 2484">
     <span class='ocr_line' id='line_1_19' title="bbox 224 2297 1539 2381; baseline 0.008 -21"><span class='ocrx_word' id='word_1_137' title='bbox 224 2355 226 2360; x_wconf 92' lang='grc'>.</span> <span class='ocrx_word' id='word_1_138' title='bbox 262 2303 436 2378; x_wconf 83' lang='grc' dir='ltr'><strong><em>ψωθλας,</em></strong></span> <span class='ocrx_word' id='word_1_139' title='bbox 464 2306 569 2381; x_wconf 86' lang='lat' dir='ltr'>recte,</span> <span class='ocrx_word' id='word_1_140' title='bbox 601 2297 699 2366; x_wconf 85' lang='lat' dir='ltr'>modo</span> <span class='ocrx_word' id='word_1_141' title='bbox 730 2304 894 2365; x_wconf 84' lang='lat' dir='ltr'>scribatur</span> <span class='ocrx_word' id='word_1_142' title='bbox 924 2303 1100 2381; x_wconf 81' lang='grc' dir='ltr'><strong><em>ψαθίου,</em></strong></span> <span class='ocrx_word' id='word_1_143' title='bbox 1122 2298 1352 2367; x_wconf 83' lang='lat' dir='ltr'>nominativus</span> <span class='ocrx_word' id='word_1_144' title='bbox 1374 2309 1463 2368; x_wconf 91' lang='lat' dir='ltr'>enim</span> <span class='ocrx_word' id='word_1_145' title='bbox 1487 2314 1539 2371; x_wconf 89' lang='lat' dir='ltr'>est</span> 
     </span>
     <span class='ocr_line' id='line_1_20' title="bbox 260 2404 927 2484; baseline 0.003 -20"><span class='ocrx_word' id='word_1_146' title='bbox 260 2404 385 2480; x_wconf 79' lang='grc' dir='ltr'><strong><em>ψωθίον</em></strong></span> <span class='ocrx_word' id='word_1_147' title='bbox 398 2430 440 2454; x_wconf 96' lang='lat'><strong><em>=</em></strong></span> <span class='ocrx_word' id='word_1_148' title='bbox 452 2406 612 2484; x_wconf 81' lang='grc' dir='ltr'><strong><em>ψαθύριον</em></strong></span> <span class='ocrx_word' id='word_1_149' title='bbox 637 2408 723 2468; x_wconf 88' lang='lat' dir='ltr'>teste</span> <span class='ocrx_word' id='word_1_150' title='bbox 746 2407 927 2467; x_wconf 77' lang='lat' dir='ltr'>Athenaeo.</span> 
     </span>
    </p>

    <p class='ocr_par' dir='ltr' id='par_1_13' title="bbox 218 2506 927 2588">
     <span class='ocr_line' id='line_1_21' title="bbox 218 2506 927 2588; baseline 0.004 -24"><span class='ocrx_word' id='word_1_151' title='bbox 218 2506 270 2566; x_wconf 92' lang='lat' dir='ltr'>Fr.</span> <span class='ocrx_word' id='word_1_152' title='bbox 296 2508 349 2584; x_wconf 84' lang='lat'>95,</span> <span class='ocrx_word' id='word_1_153' title='bbox 375 2509 405 2568; x_wconf 85' lang='lat'>3.</span> <span class='ocrx_word' id='word_1_154' title='bbox 430 2506 641 2588; x_wconf 76' lang='grc' dir='ltr'><strong><em>ἐγχαρυβᾶίσαι</em></strong></span> <span class='ocrx_word' id='word_1_155' title='bbox 665 2509 804 2570; x_wconf 81' lang='lat' dir='ltr'>coniecit</span> <span class='ocrx_word' id='word_1_156' title='bbox 827 2507 927 2568; x_wconf 89' lang='lat' dir='ltr'>Platt.</span> 
     </span>
    </p>

    <p class='ocr_par' dir='ltr' id='par_1_14' title="bbox 217 2604 1126 2687">
     <span class='ocr_line' id='line_1_22' title="bbox 217 2604 1126 2687; baseline 0.001 -21"><span class='ocrx_word' id='word_1_157' title='bbox 217 2607 268 2668; x_wconf 81' lang='lat' dir='ltr'>Fr.</span> <span class='ocrx_word' id='word_1_158' title='bbox 296 2610 349 2669; x_wconf 87' lang='grc'>96.</span> <span class='ocrx_word' id='word_1_159' title='bbox 873 2613 935 2680; x_wconf 86' lang='grc' dir='ltr'><strong><em>τοῖς</em></strong></span> <span class='ocrx_word' id='word_1_160' title='bbox 958 2604 991 2667; x_wconf 78' lang='grc' dir='ltr'><strong><em>δέ</em></strong></span> <span class='ocrx_word' id='word_1_161' title='bbox 1013 2612 1126 2687; x_wconf 79' lang='grc' dir='ltr'><strong><em>κριταῖς</em></strong></span> 
     </span>
    </p>

    <p class='ocr_par' dir='ltr' id='par_1_15' title="bbox 638 2707 1111 2790">
     <span class='ocr_line' id='line_1_23' title="bbox 638 2707 1111 2790; baseline 0 -20"><span class='ocrx_word' id='word_1_162' title='bbox 638 2716 698 2783; x_wconf 86' lang='grc' dir='ltr'><strong><em>τοῖς</em></strong></span> <span class='ocrx_word' id='word_1_163' title='bbox 721 2707 791 2771; x_wconf 85' lang='grc' dir='ltr'><strong><em>νυνλ</em></strong></span> <span class='ocrx_word' id='word_1_164' title='bbox 813 2709 1000 2789; x_wconf 81' lang='grc' dir='ltr'><strong><em>κρίνουσι</em></strong></span> <span class='ocrx_word' id='word_1_165' title='bbox 1022 2707 1111 2790; x_wconf 90' lang='grc' dir='ltr'><strong><em>λέγω,</em></strong></span> 
     </span>
    </p>

    <p class='ocr_par' dir='ltr' id='par_1_16' title="bbox 638 2805 1114 2892">
     <span class='ocr_line' id='line_1_24' title="bbox 638 2805 1114 2892; baseline 0 -20"><span class='ocrx_word' id='word_1_166' title='bbox 638 2807 708 2891; x_wconf 77' lang='grc' dir='ltr'><strong><em>μηδ’</em></strong></span> <span class='ocrx_word' id='word_1_167' title='bbox 735 2810 884 2892; x_wconf 75' lang='grc' dir='ltr'><strong><em>ἐπιορκεῖν</em></strong></span> <span class='ocrx_word' id='word_1_168' title='bbox 907 2805 978 2890; x_wconf 78' lang='grc' dir='ltr'><strong><em>μηδ’</em></strong></span> <span class='ocrx_word' id='word_1_169' title='bbox 1004 2809 1114 2883; x_wconf 73' lang='grc' dir='ltr'><strong><em>ἀδίκως</em></strong></span> 
     </span>
    </p>

    <p class='ocr_par' dir='ltr' id='par_1_17' title="bbox 257 2911 1535 3295">
     <span class='ocr_line' id='line_1_25' title="bbox 636 2911 827 2992; baseline 0 -19"><span class='ocrx_word' id='word_1_170' title='bbox 636 2914 749 2992; x_wconf 83' lang='grc' dir='ltr'><strong><em>κρίνειν</em></strong></span> <span class='ocrx_word' id='word_1_171' title='bbox 772 2911 827 2973; x_wconf 77' lang='grc' dir='ltr'><strong><em>κτέ.</em></strong></span> 
     </span>
     <span class='ocr_line' id='line_1_26' title="bbox 258 3015 1535 3095; baseline 0.004 -20"><span class='ocrx_word' id='word_1_172' title='bbox 258 3015 432 3077; x_wconf 80' lang='lat' dir='ltr'>Manifesto</span> <span class='ocrx_word' id='word_1_173' title='bbox 474 3018 641 3077; x_wconf 87' lang='lat' dir='ltr'>sententia</span> <span class='ocrx_word' id='word_1_174' title='bbox 679 3017 827 3092; x_wconf 87' lang='lat' dir='ltr'>postulat</span> <span class='ocrx_word' id='word_1_175' title='bbox 859 3016 1009 3076; x_wconf 82' lang='lat' dir='ltr'>futurum</span> <span class='ocrx_word' id='word_1_176' title='bbox 1043 3024 1243 3095; x_wconf 80' lang='grc' dir='ltr'><strong><em>κρινοῦσι,</em></strong></span> <span class='ocrx_word' id='word_1_177' title='bbox 1277 3031 1357 3077; x_wconf 89' lang='lat' dir='ltr'>nam</span> <span class='ocrx_word' id='word_1_178' title='bbox 1391 3021 1535 3093; x_wconf 85' lang='lat' dir='ltr'>peractis</span> 
     </span>
     <span class='ocr_line' id='line_1_27' title="bbox 258 3117 1534 3194; baseline 0.003 -17"><span class='ocrx_word' id='word_1_179' title='bbox 258 3117 392 3178; x_wconf 89' lang='lat' dir='ltr'>demum</span> <span class='ocrx_word' id='word_1_180' title='bbox 417 3117 537 3178; x_wconf 83' lang='lat' dir='ltr'>fabulis</span> <span class='ocrx_word' id='word_1_181' title='bbox 560 3117 659 3178; x_wconf 82' lang='lat' dir='ltr'>tiebat</span> <span class='ocrx_word' id='word_1_182' title='bbox 688 3118 856 3179; x_wconf 85' lang='lat' dir='ltr'>iudicium.</span> <span class='ocrx_word' id='word_1_183' title='bbox 884 3117 931 3178; x_wconf 91' lang='lat' dir='ltr'>De</span> <span class='ocrx_word' id='word_1_184' title='bbox 954 3119 1102 3179; x_wconf 87' lang='lat' dir='ltr'>numeris</span> <span class='ocrx_word' id='word_1_185' title='bbox 1126 3117 1166 3179; x_wconf 87' lang='lat' dir='ltr'>ci.</span> <span class='ocrx_word' id='word_1_186' title='bbox 1190 3134 1221 3179; x_wconf 85' lang='grc' dir='ltr'>ν.</span> <span class='ocrx_word' id='word_1_187' title='bbox 1247 3133 1273 3179; x_wconf 87' lang='lat' dir='ltr'>c.</span> <span class='ocrx_word' id='word_1_188' title='bbox 1297 3118 1337 3178; x_wconf 84' lang='lat' dir='ltr'>fr.</span> <span class='ocrx_word' id='word_1_189' title='bbox 1361 3120 1412 3194; x_wconf 86' lang='lat'>13,</span> <span class='ocrx_word' id='word_1_190' title='bbox 1436 3122 1464 3180; x_wconf 90' lang='lat'>1.</span> <span class='ocrx_word' id='word_1_191' title='bbox 1489 3121 1534 3181; x_wconf 91' lang='lat' dir='ltr'>De</span> 
     </span>
     <span class='ocr_line' id='line_1_28' title="bbox 257 3218 1311 3295; baseline -0.001 -15"><span class='ocrx_word' id='word_1_192' title='bbox 257 3220 424 3281; x_wconf 88' lang='lat' dir='ltr'>sententia</span> <span class='ocrx_word' id='word_1_193' title='bbox 447 3219 495 3280; x_wconf 90' lang='lat' dir='ltr'>Bl.</span> <span class='ocrx_word' id='word_1_194' title='bbox 520 3223 690 3295; x_wconf 85' lang='lat' dir='ltr'>praeterea</span> <span class='ocrx_word' id='word_1_195' title='bbox 713 3220 769 3281; x_wconf 85' lang='lat' dir='ltr'>cit.</span> <span class='ocrx_word' id='word_1_196' title='bbox 790 3218 873 3279; x_wconf 89' lang='lat' dir='ltr'>Nub.</span> <span class='ocrx_word' id='word_1_197' title='bbox 901 3220 985 3280; x_wconf 80' lang='grc'>1115</span> <span class='ocrx_word' id='word_1_198' title='bbox 1010 3222 1042 3281; x_wconf 94' lang='lat' dir='ltr'>et</span> <span class='ocrx_word' id='word_1_199' title='bbox 1065 3222 1127 3281; x_wconf 84' lang='lat' dir='ltr'>Av.</span> <span class='ocrx_word' id='word_1_200' title='bbox 1155 3221 1235 3280; x_wconf 92' lang='grc'>1101</span> <span class='ocrx_word' id='word_1_201' title='bbox 1263 3234 1311 3292; x_wconf 87' lang='lat' dir='ltr'>sq.</span> 
     </span>
    </p>

    <p class='ocr_par' dir='ltr' id='par_1_18' title="bbox 214 3319 946 3401">
     <span class='ocr_line' id='line_1_29' title="bbox 214 3319 946 3401; baseline 0 -20"><span class='ocrx_word' id='word_1_202' title='bbox 214 3322 265 3383; x_wconf 92' lang='lat' dir='ltr'>Fr.</span> <span class='ocrx_word' id='word_1_203' title='bbox 293 3324 366 3398; x_wconf 91' lang='grc'>101,</span> <span class='ocrx_word' id='word_1_204' title='bbox 391 3323 422 3383; x_wconf 86' lang='grc'>2.</span> <span class='ocrx_word' id='word_1_205' title='bbox 446 3319 542 3401; x_wconf 78' lang='grc' dir='ltr'><strong><em>ἐγχέαι</em></strong></span> <span class='ocrx_word' id='word_1_206' title='bbox 565 3323 600 3382; x_wconf 88' lang='lat' dir='ltr'>et</span> <span class='ocrx_word' id='word_1_207' title='bbox 622 3336 753 3383; x_wconf 83' lang='lat' dir='ltr'>mecum</span> <span class='ocrx_word' id='word_1_208' title='bbox 778 3320 874 3399; x_wconf 86' lang='grc' dir='ltr'><strong><em>μύρον</em></strong></span> <span class='ocrx_word' id='word_1_209' title='bbox 897 3320 946 3381; x_wconf 88' lang='lat' dir='ltr'>Bi.</span> 
     </span>
    </p>

    <p class='ocr_par' dir='ltr' id='par_1_19' title="bbox 212 3420 1178 3499">
     <span class='ocr_line' id='line_1_30' title="bbox 212 3420 1178 3499; baseline -0.004 -15"><span class='ocrx_word' id='word_1_210' title='bbox 212 3424 264 3486; x_wconf 88' lang='lat' dir='ltr'>Fr.</span> <span class='ocrx_word' id='word_1_211' title='bbox 291 3426 364 3486; x_wconf 82' lang='lat'><strong>104.</strong></span> <span class='ocrx_word' id='word_1_212' title='bbox 389 3425 526 3485; x_wconf 81' lang='lat' dir='ltr'>Temere</span> <span class='ocrx_word' id='word_1_213' title='bbox 550 3424 598 3485; x_wconf 88' lang='lat' dir='ltr'>Bl.</span> <span class='ocrx_word' id='word_1_214' title='bbox 623 3422 733 3483; x_wconf 78' lang='grc' dir='ltr'><strong><em>ἔδακεν</em></strong></span> <span class='ocrx_word' id='word_1_215' title='bbox 755 3438 813 3498; x_wconf 93' lang='lat' dir='ltr'>pro</span> <span class='ocrx_word' id='word_1_216' title='bbox 836 3423 1017 3483; x_wconf 89' lang='lat' dir='ltr'>sanissimo</span> <span class='ocrx_word' id='word_1_217' title='bbox 1040 3420 1178 3499; x_wconf 76' lang='grc' dir='ltr'><strong><em>ἔφασκεν.</em></strong></span> 
     </span>
    </p>

    <p class='ocr_par' dir='ltr' id='par_1_20' title="bbox 211 3520 1535 3709">
     <span class='ocr_line' id='line_1_31' title="bbox 211 3520 1532 3603; baseline -0.001 -16"><span class='ocrx_word' id='word_1_218' title='bbox 211 3528 263 3587; x_wconf 90' lang='lat' dir='ltr'>Fr.</span> <span class='ocrx_word' id='word_1_219' title='bbox 290 3528 363 3602; x_wconf 86' lang='lat'>108,</span> <span class='ocrx_word' id='word_1_220' title='bbox 389 3528 418 3587; x_wconf 80' lang='lat'>2.</span> <span class='ocrx_word' id='word_1_221' title='bbox 455 3526 645 3600; x_wconf 86' lang='lat' dir='ltr'>Improbata</span> <span class='ocrx_word' id='word_1_222' title='bbox 678 3539 755 3585; x_wconf 88' lang='lat' dir='ltr'>mea</span> <span class='ocrx_word' id='word_1_223' title='bbox 788 3525 979 3585; x_wconf 87' lang='lat' dir='ltr'>coniectura</span> <span class='ocrx_word' id='word_1_224' title='bbox 1017 3520 1181 3603; x_wconf 78' lang='grc' dir='ltr'><strong><em>ἠρτυμέναι,</em></strong></span> <span class='ocrx_word' id='word_1_225' title='bbox 1218 3539 1318 3597; x_wconf 86' lang='lat' dir='ltr'>quam</span> <span class='ocrx_word' id='word_1_226' title='bbox 1352 3540 1434 3586; x_wconf 87' lang='lat' dir='ltr'>sane</span> <span class='ocrx_word' id='word_1_227' title='bbox 1467 3540 1532 3586; x_wconf 93' lang='lat' dir='ltr'>nou</span> 
     </span>
     <span class='ocr_line' id='line_1_32' title="bbox 255 3623 1535 3709; baseline 0 -21"><span class='ocrx_word' id='word_1_228' title='bbox 255 3644 368 3705; x_wconf 82' lang='lat' dir='ltr'>urgeo,</span> <span class='ocrx_word' id='word_1_229' title='bbox 401 3630 471 3703; x_wconf 89' lang='lat' dir='ltr'>ipse</span> <span class='ocrx_word' id='word_1_230' title='bbox 502 3627 593 3688; x_wconf 86' lang='lat' dir='ltr'>Kock</span> <span class='ocrx_word' id='word_1_231' title='bbox 623 3626 724 3686; x_wconf 88' lang='lat' dir='ltr'>nimis</span> <span class='ocrx_word' id='word_1_232' title='bbox 755 3625 956 3688; x_wconf 83' lang='lat' dir='ltr'>confidenter</span> <span class='ocrx_word' id='word_1_233' title='bbox 987 3627 1116 3701; x_wconf 89' lang='lat' dir='ltr'>reponit</span> <span class='ocrx_word' id='word_1_234' title='bbox 1143 3623 1316 3709; x_wconf 77' lang='grc' dir='ltr'><strong><em>ᾠκισμένοις</em></strong></span> <span class='ocrx_word' id='word_1_235' title='bbox 1340 3630 1535 3702; x_wconf 84' lang='lat' dir='ltr'>(praestaret</span> 
     </span>
    </p>

    <p class='ocr_par' dir='ltr' id='par_1_21' title="bbox 126 3724 1534 3810">
     <span class='ocr_line' id='line_1_33' title="bbox 126 3724 1534 3810; baseline 0 -21"><span class='ocrx_word' id='word_1_236' title='bbox 126 3784 132 3801; x_wconf 77' lang='grc'>,</span> <span class='ocrx_word' id='word_1_237' title='bbox 255 3730 375 3791; x_wconf 86' lang='lat' dir='ltr'>saltem</span> <span class='ocrx_word' id='word_1_238' title='bbox 406 3726 594 3805; x_wconf 79' lang='grc' dir='ltr'><strong><em>οἰκουμέναις</em></strong></span> <span class='ocrx_word' id='word_1_239' title='bbox 624 3732 683 3788; x_wconf 91' lang='lat' dir='ltr'>aut</span> <span class='ocrx_word' id='word_1_240' title='bbox 712 3724 899 3810; x_wconf 72' lang='grc' dir='ltr'><strong><em>ᾠκισμένοις),</em></strong></span> <span class='ocrx_word' id='word_1_241' title='bbox 923 3743 988 3788; x_wconf 92' lang='lat' dir='ltr'>non</span> <span class='ocrx_word' id='word_1_242' title='bbox 1012 3732 1169 3803; x_wconf 89' lang='lat' dir='ltr'>reputans</span> <span class='ocrx_word' id='word_1_243' title='bbox 1192 3728 1315 3801; x_wconf 86' lang='lat' dir='ltr'>requiri</span> <span class='ocrx_word' id='word_1_244' title='bbox 1338 3730 1426 3789; x_wconf 87' lang='lat' dir='ltr'>certe</span> <span class='ocrx_word' id='word_1_245' title='bbox 1449 3730 1534 3803; x_wconf 86' lang='lat' dir='ltr'>quod</span> 
     </span>
    </p>

    <p class='ocr_par' dir='ltr' id='par_1_22' title="bbox 254 3827 1531 3908">
     <span class='ocr_line' id='line_1_34' title="bbox 254 3827 1531 3908; baseline -0.002 -16"><span class='ocrx_word' id='word_1_246' title='bbox 254 3835 330 3908; x_wconf 88' lang='lat' dir='ltr'>apte</span> <span class='ocrx_word' id='word_1_247' title='bbox 352 3832 509 3907; x_wconf 80' lang='lat' dir='ltr'>iungatur</span> <span class='ocrx_word' id='word_1_248' title='bbox 538 3846 613 3890; x_wconf 89' lang='lat' dir='ltr'>cum</span> <span class='ocrx_word' id='word_1_249' title='bbox 644 3837 717 3887; x_wconf 84' lang='grc' dir='ltr'><strong><em>πᾶσι</em></strong></span> <span class='ocrx_word' id='word_1_250' title='bbox 739 3827 874 3908; x_wconf 87' lang='grc' dir='ltr'><strong><em>τρόποις,</em></strong></span> <span class='ocrx_word' id='word_1_251' title='bbox 897 3845 980 3904; x_wconf 81' lang='lat' dir='ltr'>quae</span> <span class='ocrx_word' id='word_1_252' title='bbox 1003 3845 1057 3890; x_wconf 89' lang='lat' dir='ltr'>res</span> <span class='ocrx_word' id='word_1_253' title='bbox 1080 3829 1202 3905; x_wconf 90' lang='lat' dir='ltr'>premit</span> <span class='ocrx_word' id='word_1_254' title='bbox 1225 3830 1326 3890; x_wconf 88' lang='lat' dir='ltr'>etiam</span> <span class='ocrx_word' id='word_1_255' title='bbox 1351 3830 1531 3891; x_wconf 87' lang='lat' dir='ltr'>violentam</span> 
     </span>
    </p>

    <p class='ocr_par' dir='ltr' id='par_1_23' title="bbox 253 3922 1533 4008">
     <span class='ocr_line' id='line_1_35' title="bbox 253 3922 1533 4008; baseline -0.002 -16"><span class='ocrx_word' id='word_1_256' title='bbox 253 3925 420 4008; x_wconf 85' lang='lat' dir='ltr'>Blaydesii</span> <span class='ocrx_word' id='word_1_257' title='bbox 451 3932 671 3993; x_wconf 91' lang='lat' dir='ltr'>mutationem</span> <span class='ocrx_word' id='word_1_258' title='bbox 701 3927 732 3988; x_wconf 78' lang='grc' dir='ltr'><strong><em>ἐν</em></strong></span> <span class='ocrx_word' id='word_1_259' title='bbox 755 3938 828 3989; x_wconf 81' lang='grc' dir='ltr'><strong><em>πᾶσι</em></strong></span> <span class='ocrx_word' id='word_1_260' title='bbox 852 3922 879 3989; x_wconf 77' lang='grc' dir='ltr'>δ’</span> <span class='ocrx_word' id='word_1_261' title='bbox 908 3963 944 3972; x_wconf 95' lang='grc'><strong>-</strong></span> <span class='ocrx_word' id='word_1_262' title='bbox 969 3927 1043 4002; x_wconf 76' lang='grc' dir='ltr'><strong><em>ἔζων</em></strong></span> <span class='ocrx_word' id='word_1_263' title='bbox 1071 3929 1141 3990; x_wconf 87' lang='grc' dir='ltr'><strong><em>τότε.</em></strong></span> <span class='ocrx_word' id='word_1_264' title='bbox 1173 3930 1274 3991; x_wconf 87' lang='lat' dir='ltr'>Recte</span> <span class='ocrx_word' id='word_1_265' title='bbox 1304 3931 1418 3991; x_wconf 91' lang='lat' dir='ltr'>tamen</span> <span class='ocrx_word' id='word_1_266' title='bbox 1449 3930 1533 3990; x_wconf 83' lang='lat' dir='ltr'>vidit</span> 
     </span>
    </p>

    <p class='ocr_par' dir='ltr' id='par_1_24' title="bbox 253 4028 1530 4115">
     <span class='ocr_line' id='line_1_36' title="bbox 253 4028 1530 4115; baseline -0.003 -20"><span class='ocrx_word' id='word_1_267' title='bbox 253 4033 403 4115; x_wconf 79' lang='grc' dir='ltr'><strong><em>ἠρτυμένα</em></strong></span> <span class='ocrx_word' id='word_1_268' title='bbox 426 4035 513 4095; x_wconf 88' lang='lat' dir='ltr'>male</span> <span class='ocrx_word' id='word_1_269' title='bbox 536 4032 628 4107; x_wconf 83' lang='lat' dir='ltr'>iungi</span> <span class='ocrx_word' id='word_1_270' title='bbox 651 4047 726 4092; x_wconf 87' lang='lat' dir='ltr'>oum</span> <span class='ocrx_word' id='word_1_271' title='bbox 751 4030 860 4092; x_wconf 89' lang='lat' dir='ltr'>verbis</span> <span class='ocrx_word' id='word_1_272' title='bbox 879 4028 911 4090; x_wconf 88' lang='grc' dir='ltr'>έν</span> <span class='ocrx_word' id='word_1_273' title='bbox 934 4040 1025 4090; x_wconf 84' lang='grc' dir='ltr'><strong><em>πᾶσιν</em></strong></span> <span class='ocrx_word' id='word_1_274' title='bbox 1044 4028 1182 4111; x_wconf 77' lang='grc' dir='ltr'><strong><em>ἀγαθοῖς.</em></strong></span> <span class='ocrx_word' id='word_1_275' title='bbox 1206 4032 1355 4092; x_wconf 88' lang='lat' dir='ltr'>venitin</span> <span class='ocrx_word' id='word_1_276' title='bbox 1368 4034 1530 4092; x_wconf 88' lang='lat' dir='ltr'>mentem:</span> 
     </span>
    </p>

    <p class='ocr_par' dir='ltr' id='par_1_25' title="bbox 452 4128 1275 4217">
     <span class='ocr_line' id='line_1_37' title="bbox 452 4128 1275 4217; baseline -0.006 -22"><span class='ocrx_word' id='word_1_277' title='bbox 452 4132 516 4195; x_wconf 81' lang='grc' dir='ltr'>καλ</span> <span class='ocrx_word' id='word_1_278' title='bbox 539 4143 632 4193; x_wconf 91' lang='grc' dir='ltr'><strong><em>πᾶσιν</em></strong></span> <span class='ocrx_word' id='word_1_279' title='bbox 655 4130 784 4212; x_wconf 80' lang='grc' dir='ltr'><strong><em>ἀγαθοῖς</em></strong></span> <span class='ocrx_word' id='word_1_280' title='bbox 807 4131 897 4191; x_wconf 82' lang='grc' dir='ltr'><strong><em>παντὶ</em></strong></span> <span class='ocrx_word' id='word_1_281' title='bbox 921 4132 1020 4217; x_wconf 80' lang='grc' dir='ltr'><strong><em>τρόπῳ</em></strong></span> <span class='ocrx_word' id='word_1_282' title='bbox 1042 4128 1275 4211; x_wconf 78' lang='grc' dir='ltr'><strong><em>ἡρμοσμένα</em></strong></span> 
     </span>
    </p>

    <p class='ocr_par' dir='ltr' id='par_1_26' title="bbox 253 4234 1531 4299">
     <span class='ocr_line' id='line_1_38' title="bbox 253 4234 1531 4299; baseline -0.004 1"><span class='ocrx_word' id='word_1_283' title='bbox 253 4241 294 4299; x_wconf 90' lang='lat' dir='ltr'>et</span> <span class='ocrx_word' id='word_1_284' title='bbox 318 4254 409 4299; x_wconf 86' lang='lat' dir='ltr'>oum</span> <span class='ocrx_word' id='word_1_285' title='bbox 441 4237 636 4298; x_wconf 89' lang='lat' dir='ltr'>omnibus</span> <span class='ocrx_word' id='word_1_286' title='bbox 671 4235 797 4294; x_wconf 85' lang='lat' dir='ltr'>rebus</span> <span class='ocrx_word' id='word_1_287' title='bbox 832 4235 964 4295; x_wconf 90' lang='lat' dir='ltr'>laetis</span> <span class='ocrx_word' id='word_1_288' title='bbox 999 4235 1110 4294; x_wconf 90' lang='lat' dir='ltr'>omni</span> <span class='ocrx_word' id='word_1_289' title='bbox 1141 4234 1260 4296; x_wconf 87' lang='lat' dir='ltr'>modo</span> <span class='ocrx_word' id='word_1_290' title='bbox 1300 4234 1531 4295; x_wconf 81' lang='lat' dir='ltr'>coniuncta</span> 
     </span>
    </p>

    <p class='ocr_par' dir='ltr' id='par_1_27' title="bbox 251 4332 1530 4416">
     <span class='ocr_line' id='line_1_39' title="bbox 251 4332 1530 4416; baseline -0.005 -16"><span class='ocrx_word' id='word_1_291' title='bbox 251 4356 308 4416; x_wconf 89' lang='lat' dir='ltr'>pro</span> <span class='ocrx_word' id='word_1_292' title='bbox 332 4337 371 4399; x_wconf 85' lang='grc' dir='ltr'>έν</span> <span class='ocrx_word' id='word_1_293' title='bbox 396 4372 436 4380; x_wconf 97' lang='grc'>-</span> <span class='ocrx_word' id='word_1_294' title='bbox 461 4332 712 4416; x_wconf 77' lang='grc' dir='ltr'><strong><em>εἰργασμένα.</em></strong></span> <span class='ocrx_word' id='word_1_295' title='bbox 735 4367 773 4376; x_wconf 92' lang='grc'>--</span> <span class='ocrx_word' id='word_1_296' title='bbox 788 4335 845 4397; x_wconf 89' lang='lat' dir='ltr'>Vs.</span> <span class='ocrx_word' id='word_1_297' title='bbox 871 4338 901 4397; x_wconf 81' lang='grc' dir='ltr'>ὅ.</span> <span class='ocrx_word' id='word_1_298' title='bbox 926 4336 1080 4396; x_wconf 76' lang='lat' dir='ltr'>Fortasse</span> <span class='ocrx_word' id='word_1_299' title='bbox 1103 4340 1192 4396; x_wconf 85' lang='lat' dir='ltr'>recte</span> <span class='ocrx_word' id='word_1_300' title='bbox 1215 4335 1264 4395; x_wconf 92' lang='lat' dir='ltr'>Bl.</span> <span class='ocrx_word' id='word_1_301' title='bbox 1286 4333 1405 4393; x_wconf 85' lang='grc' dir='ltr'><strong><em>αὐταῖσι</em></strong></span> <span class='ocrx_word' id='word_1_302' title='bbox 1428 4335 1530 4411; x_wconf 85' lang='grc' dir='ltr'><strong><em>μυστί-</em></strong></span> 
     </span>
    </p>

    <p class='ocr_par' dir='ltr' id='par_1_28' title="bbox 250 4435 1530 4825">
     <span class='ocr_line' id='line_1_40' title="bbox 250 4435 1530 4520; baseline -0.005 -20"><span class='ocrx_word' id='word_1_303' title='bbox 250 4445 329 4501; x_wconf 91' lang='grc' dir='ltr'><strong><em>λαισι</em></strong></span> <span class='ocrx_word' id='word_1_304' title='bbox 351 4437 402 4500; x_wconf 83' lang='grc' dir='ltr'>καλ</span> <span class='ocrx_word' id='word_1_305' title='bbox 426 4447 543 4499; x_wconf 83' lang='grc' dir='ltr'><strong><em>νοστῶν</em></strong></span> <span class='ocrx_word' id='word_1_306' title='bbox 566 4446 666 4520; x_wconf 74' lang='grc' dir='ltr'><strong><em>τρνφῇ</em></strong></span> <span class='ocrx_word' id='word_1_307' title='bbox 689 4441 758 4513; x_wconf 73' lang='lat' dir='ltr'>(pro</span> <span class='ocrx_word' id='word_1_308' title='bbox 781 4438 901 4516; x_wconf 81' lang='grc' dir='ltr'><strong><em>τρύφη),</em></strong></span> <span class='ocrx_word' id='word_1_309' title='bbox 927 4437 1000 4498; x_wconf 85' lang='lat' dir='ltr'>coll.</span> <span class='ocrx_word' id='word_1_310' title='bbox 1020 4435 1059 4496; x_wconf 86' lang='lat' dir='ltr'>fr.</span> <span class='ocrx_word' id='word_1_311' title='bbox 1080 4437 1154 4512; x_wconf 87' lang='grc'>130,</span> <span class='ocrx_word' id='word_1_312' title='bbox 1177 4439 1205 4497; x_wconf 83' lang='grc'>7.</span> <span class='ocrx_word' id='word_1_313' title='bbox 1221 4470 1260 4479; x_wconf 98' lang='grc'>-</span> <span class='ocrx_word' id='word_1_314' title='bbox 1274 4435 1330 4496; x_wconf 87' lang='lat' dir='ltr'>Vs.</span> <span class='ocrx_word' id='word_1_315' title='bbox 1348 4438 1379 4497; x_wconf 85' lang='grc'>6.</span> <span class='ocrx_word' id='word_1_316' title='bbox 1400 4435 1530 4497; x_wconf 86' lang='lat' dir='ltr'>Kaibeli</span> 
     </span>
     <span class='ocr_line' id='line_1_41' title="bbox 250 4538 1529 4619; baseline -0.005 -15"><span class='ocrx_word' id='word_1_317' title='bbox 250 4545 333 4605; x_wconf 86' lang='lat' dir='ltr'>coni.</span> <span class='ocrx_word' id='word_1_318' title='bbox 368 4540 566 4619; x_wconf 77' lang='grc' dir='ltr'><strong><em>καύτομάτοις</em></strong></span> <span class='ocrx_word' id='word_1_319' title='bbox 597 4555 663 4600; x_wconf 91' lang='lat' dir='ltr'>non</span> <span class='ocrx_word' id='word_1_320' title='bbox 693 4539 860 4614; x_wconf 84' lang='lat' dir='ltr'>intellego.</span> <span class='ocrx_word' id='word_1_321' title='bbox 886 4573 926 4582; x_wconf 94' lang='lat'>—</span> <span class='ocrx_word' id='word_1_322' title='bbox 947 4538 1003 4598; x_wconf 89' lang='lat' dir='ltr'>Vs.</span> <span class='ocrx_word' id='word_1_323' title='bbox 1028 4538 1094 4598; x_wconf 81' lang='lat'>859</span> <span class='ocrx_word' id='word_1_324' title='bbox 1126 4540 1222 4598; x_wconf 90' lang='lat' dir='ltr'>teneo</span> <span class='ocrx_word' id='word_1_325' title='bbox 1245 4540 1393 4598; x_wconf 87' lang='lat' dir='ltr'>veterem</span> <span class='ocrx_word' id='word_1_326' title='bbox 1417 4551 1529 4598; x_wconf 90' lang='lat' dir='ltr'>meam</span> 
     </span>
     <span class='ocr_line' id='line_1_42' title="bbox 250 4635 1529 4718; baseline -0.007 -13"><span class='ocrx_word' id='word_1_327' title='bbox 250 4646 333 4706; x_wconf 78' lang='lat' dir='ltr'>coni.</span> <span class='ocrx_word' id='word_1_328' title='bbox 359 4645 537 4715; x_wconf 85' lang='grc' dir='ltr'><strong><em>σίζοντες</em></strong></span> <span class='ocrx_word' id='word_1_329' title='bbox 561 4647 628 4718; x_wconf 87' lang='lat' dir='ltr'>(pro</span> <span class='ocrx_word' id='word_1_330' title='bbox 653 4639 775 4713; x_wconf 75' lang='grc' dir='ltr'><strong><em>ζέοντες)</em></strong></span> <span class='ocrx_word' id='word_1_331' title='bbox 799 4638 952 4700; x_wconf 81' lang='grc' dir='ltr'><strong><em>ἀλλάντων</em></strong></span> <span class='ocrx_word' id='word_1_332' title='bbox 971 4638 1054 4715; x_wconf 86' lang='grc' dir='ltr'><strong><em>τάμοι</em></strong></span> <span class='ocrx_word' id='word_1_333' title='bbox 1075 4637 1080 4718; x_wconf 91' lang='grc' dir='ltr'>Ι</span> <span class='ocrx_word' id='word_1_334' title='bbox 1101 4635 1182 4717; x_wconf 76' lang='grc' dir='ltr'><strong><em>παρὰ</em></strong></span> <span class='ocrx_word' id='word_1_335' title='bbox 1204 4642 1265 4711; x_wconf 86' lang='grc' dir='ltr'><strong><em>τοῖς</em></strong></span> <span class='ocrx_word' id='word_1_336' title='bbox 1287 4643 1529 4715; x_wconf 86' lang='grc' dir='ltr'><strong><em>ποταμοῖσιν</em></strong></span> 
     </span>
     <span class='ocr_line' id='line_1_43' title="bbox 250 4733 1526 4825; baseline -0.005 -19"><span class='ocrx_word' id='word_1_337' title='bbox 250 4741 460 4825; x_wconf 72' lang='grc' dir='ltr'><strong><em>ἐξεκέχυντ’</em></strong></span> <span class='ocrx_word' id='word_1_338' title='bbox 494 4751 561 4822; x_wconf 88' lang='lat' dir='ltr'>(pro</span> <span class='ocrx_word' id='word_1_339' title='bbox 588 4765 619 4803; x_wconf 88' lang='grc' dir='ltr'>π.</span> <span class='ocrx_word' id='word_1_340' title='bbox 641 4764 664 4802; x_wconf 84' lang='grc' dir='ltr'><strong><em>τ.</em></strong></span> <span class='ocrx_word' id='word_1_341' title='bbox 689 4747 833 4819; x_wconf 85' lang='grc' dir='ltr'><strong><em>ποταμοῖς</em></strong></span> <span class='ocrx_word' id='word_1_342' title='bbox 856 4736 960 4814; x_wconf 82' lang='grc' dir='ltr'><strong><em>σλζοντ’</em></strong></span> <span class='ocrx_word' id='word_1_343' title='bbox 987 4736 1126 4820; x_wconf 70' lang='grc' dir='ltr'><strong><em>έκέγννά)</em></strong></span> <span class='ocrx_word' id='word_1_344' title='bbox 1151 4733 1211 4800; x_wconf 89' lang='grc' dir='ltr'><strong><em>ἀντ’</em></strong></span> <span class='ocrx_word' id='word_1_345' title='bbox 1241 4736 1395 4819; x_wconf 84' lang='grc' dir='ltr'><strong><em>ὀστράκων</em></strong></span> <span class='ocrx_word' id='word_1_346' title='bbox 1420 4743 1455 4800; x_wconf 88' lang='lat' dir='ltr'>et</span> <span class='ocrx_word' id='word_1_347' title='bbox 1477 4755 1526 4799; x_wconf 72' lang='lat' dir='ltr'>vs·</span> 
     </span>
    </p>

    <p class='ocr_par' dir='ltr' id='par_1_29' title="bbox 252 4840 1527 4929">
     <span class='ocr_line' id='line_1_44' title="bbox 252 4840 1527 4929; baseline -0.008 -20"><span class='ocrx_word' id='word_1_348' title='bbox 252 4850 291 4909; x_wconf 83' lang='lat'>12</span> <span class='ocrx_word' id='word_1_349' title='bbox 311 4840 449 4929; x_wconf 78' lang='grc' dir='ltr'><strong><em>έγχελάάά</em></strong></span> <span class='ocrx_word' id='word_1_350' title='bbox 476 4841 715 4928; x_wconf 78' lang='grc' dir='ltr'><strong><em>ἐγκεκολαμμένα</em></strong></span> <span class='ocrx_word' id='word_1_351' title='bbox 734 4860 791 4920; x_wconf 88' lang='lat' dir='ltr'>pro</span> <span class='ocrx_word' id='word_1_352' title='bbox 811 4841 936 4924; x_wconf 87' lang='grc' dir='ltr'><strong><em>έγχέλεια</em></strong></span> <span class='ocrx_word' id='word_1_353' title='bbox 961 4859 1044 4923; x_wconf 88' lang='grc' dir='ltr'><strong><em>σογκ.</em></strong></span> <span class='ocrx_word' id='word_1_354' title='bbox 1058 4842 1168 4903; x_wconf 87' lang='lat' dir='ltr'>-Vs.</span> <span class='ocrx_word' id='word_1_355' title='bbox 1195 4844 1236 4903; x_wconf 89' lang='lat'>18</span> <span class='ocrx_word' id='word_1_356' title='bbox 1260 4858 1325 4903; x_wconf 90' lang='lat' dir='ltr'>non</span> <span class='ocrx_word' id='word_1_357' title='bbox 1349 4841 1527 4903; x_wconf 85' lang='lat' dir='ltr'>admodum</span> 
     </span>
    </p>

    <p class='ocr_par' dir='ltr' id='par_1_30' title="bbox 249 4940 1528 5025">
     <span class='ocr_line' id='line_1_45' title="bbox 249 4940 1528 5025; baseline -0.009 -15"><span class='ocrx_word' id='word_1_358' title='bbox 249 4950 368 5013; x_wconf 88' lang='lat' dir='ltr'>haereo</span> <span class='ocrx_word' id='word_1_359' title='bbox 399 4952 433 5011; x_wconf 90' lang='lat' dir='ltr'>in</span> <span class='ocrx_word' id='word_1_360' title='bbox 456 4943 720 5025; x_wconf 86' lang='grc' dir='ltr'><strong><em>κατανενιμμένος,</em></strong></span> <span class='ocrx_word' id='word_1_361' title='bbox 749 4962 806 5022; x_wconf 90' lang='lat' dir='ltr'>pro</span> <span class='ocrx_word' id='word_1_362' title='bbox 831 4961 895 5021; x_wconf 83' lang='lat' dir='ltr'>quo</span> <span class='ocrx_word' id='word_1_363' title='bbox 919 4947 968 5008; x_wconf 86' lang='lat' dir='ltr'>Bl.</span> <span class='ocrx_word' id='word_1_364' title='bbox 992 4940 1245 5021; x_wconf 77' lang='grc' dir='ltr'><strong><em>καταδεδευμένος</em></strong></span> <span class='ocrx_word' id='word_1_365' title='bbox 1270 4947 1328 5005; x_wconf 85' lang='lat' dir='ltr'>aut</span> <span class='ocrx_word' id='word_1_366' title='bbox 1351 4941 1528 5021; x_wconf 88' lang='grc' dir='ltr'><strong><em>καταβεβρε-</em></strong></span> 
     </span>
    </p>
   </div>
   <div class='ocr_carea' id='block_1_4' title="bbox 0 0 1756 5512">
    <p class='ocr_par' dir='ltr' id='par_1_31' title="bbox 0 0 1756 5512">
     <span class='ocr_line' id='line_1_46' title="bbox 0 0 1756 5512; baseline 0 7"><span class='ocrx_word' id='word_1_367' title='bbox 0 0 1756 5512; x_wconf 95' lang='lat' dir='ltr'> </span> 
     </span>
    </p>
   </div>
  </div>
 </body>
</html>
