3502 5512
869 386 909 446 15

223 570 275 633 Fr.
300 574 353 649 64,
379 574 409 635 3.
441 566 477 631 ἵν’
512 569 606 631 έλάλει
636 573 805 634 Hermann
838 571 899 644 (ἵνα
928 577 1002 657 λαλῇ
1026 575 1100 649 ΒΙ.);
1126 576 1277 636 διαλαλεῖν
1300 577 1411 640 Cobet.
1435 585 1546 662 (μειρα-

268 671 359 732 κίοισι
381 677 481 733 λαλεῖν
504 674 574 743 Bt).
599 674 806 736 Alterutrum
829 674 968 735 Dobraei
992 677 1199 738 coniecturae
1222 680 1366 755 praefert
1386 681 1510 744 Nauck.

224 774 276 836 Fr.
301 777 354 835 65.
379 772 543 852 ἐμπολήσαι
567 791 680 836 meum
705 777 821 851 probat
844 776 893 837 Bi.

222 878 274 937 Fr.
300 879 353 938 68.
378 879 407 938 2.
432 879 570 952 Propter
594 877 711 939 duram
736 879 908 953 anapaesti
931 878 1125 940 incisionem
1148 881 1198 941 Bl.
1220 883 1318 943 malit
1341 878 1397 942 οἴσ’
1423 883 1545 963 ἰσχάδας

267 1001 317 1056 μοι
351 977 407 1038 κτέ.
431 1013 472 1022 -
497 979 598 1040 Vs.3
633 980 763 1055 requiro
798 979 1023 1059 βαρβάρως,
1061 982 1137 1055 quia
1167 983 1331 1061 βαρβάροις
1362 987 1545 1061 postularet

266 1082 453 1143 articulum.

222 1181 272 1241 Fr.
298 1184 351 1254 69,
372 1184 403 1242 4.
426 1184 581 1243 Fortasse
604 1186 693 1243 recto
709 1183 758 1244 Bl.
780 1181 828 1255 [τί]
842 1182 923 1260 λάβω
944 1181 1067 1261 κεράσαι
1087 1199 1134 1242 σοι
1153 1181 1207 1261 τὴν
1226 1186 1421 1265 notationem
1441 1190 1497 1251 Vs.
1512 1193 1541 1252 7.

266 1282 358 1359 μέλην
380 1299 439 1358 pro
462 1281 536 1360 ἐμὴν
560 1284 678 1346 Nabar.

221 1384 272 1444 Fr.
298 1386 351 1461 70,
377 1387 406 1445 2.
437 1384 607 1444 παντάπασι
630 1383 685 1464 μὲν
707 1376 764 1445 οὖν
788 1389 989 1449 coniunctim
1016 1391 1051 1450 et
1073 1387 1194 1462 raptim
1218 1393 1424 1464 pronuntiari
1447 1398 1542 1470 putat

264 1487 328 1561 Bl.,
363 1487 475 1560 itaque
508 1487 586 1548 ferri
620 1504 717 1562 posse
752 1491 924 1564 anapaesti
955 1490 1165 1562 incisionem
1198 1505 1246 1551 vs.
1278 1495 1298 1552 4
1330 1493 1427 1554 malit
1456 1495 1486 1553 τί
1512 1492 1539 1555 δ’

265 1586 367 1656 οἴνοο;
390 1587 510 1667 τέτταρα
535 1594 591 1660 (ec.
615 1586 700 1666 μέρη)
725 1592 828 1665 recte,
854 1606 903 1651 vs.
928 1593 948 1651 5
972 1590 1116 1666 probans
1138 1605 1251 1651 meum
1276 1586 1303 1650 α’
1329 1592 1396 1651 ἔδει.

220 1687 270 1749 Fr.
297 1691 338 1750 70
363 1691 398 1750 Ο.
424 1690 561 1752 Orusius
585 1692 679 1760 (Mus.
703 1690 764 1750 Rh.
791 1693 843 1767 42,
872 1693 934 1753 199
958 1700 1018 1767 sq.)
1042 1691 1090 1751 sic
1114 1689 1273 1766 disponit:

575 1789 695 1872 ἀνδρες,
718 1792 857 1872 πρόσχετε
879 1792 931 1853 τὸν
955 1801 1031 1853 νοῦν
1054 1837 1157 1866 uv-

574 1939 638 1968 eu
661 1890 836 1972 ίξευρήματι
858 1903 953 1977 καινῷ

574 1994 773 2071 σνμπτάκτοις
796 1992 1002 2067 ἀναπαίστοις.

218 2095 270 2155 Fr.
295 2096 338 2155 80
363 2097 393 2157 4.
417 2093 613 2174 κάμπέπρνγσο
638 2097 765 2158 Kaibel.

218 2195 269 2256 Fr.
294 2198 347 2273 81,
378 2199 406 2258 1.
448 2198 562 2259 Deleto
604 2215 736 2260 mecum
778 2197 958 2278 τριωβόλου,
999 2199 1091 2260 Kook
1132 2201 1216 2260 ooni.
1258 2202 1450 2279 κραπατάλοο
1489 2202 1539 2262 καλ

223 2351 225 2355 .
261 2299 435 2372 μανίας,
464 2302 568 2376 reete,
600 2291 698 2361 modo
729 2301 893 2361 scribatur
923 2299 1099 2376 ψαθίοο,
1122 2292 1350 2363 nominativus
1373 2305 1462 2365 enim
1486 2311 1538 2367 est

259 2400 384 2475 ψαθίον
397 2425 438 2451 =
451 2403 611 2480 ψιθύρων
635 2405 722 2463 teste
746 2401 926 2462 Athenaeo.

217 2501 269 2562 Fr.
295 2504 347 2579 95,
374 2505 404 2564 3.
429 2501 640 2584 ἐγχαροβδίσαο
664 2504 804 2565 coniecit
826 2503 927 2563 Platt.

216 2603 268 2663 Fr.
295 2605 348 2665 96.
873 2608 934 2676 τοῖς
958 2600 990 2663 δέ
1012 2608 1125 2683 κριταῖς

636 2711 697 2779 τοῖς
719 2703 791 2767 νυνλ
812 2706 999 2786 κρίνουσι
1021 2703 1111 2786 λέγω,

637 2803 707 2886 μηδ’
735 2807 884 2888 ἐπιορκεῖν
906 2801 978 2886 μηδ’
1003 2805 1114 2880 ἀδίκως

635 2909 748 2985 κρίνειν
771 2907 826 2969 κτέ.

257 3009 431 3072 Manifesto
473 3014 641 3073 sententia
678 3012 826 3088 postulat
858 3012 1008 3073 futurum
1042 3020 1242 3092 κρινοῦσι,
1276 3027 1356 3073 nam
1390 3017 1534 3088 peractis

257 3111 392 3172 demum
416 3113 536 3174 fabulis
559 3112 659 3174 flebat
687 3114 856 3175 iudicium.
883 3112 930 3174 De
953 3115 1101 3174 numeris
1125 3115 1165 3175 ci.
1189 3130 1220 3174 v.
1246 3130 1272 3175 o.
1296 3114 1336 3175 ir.
1361 3116 1411 3191 13,
1435 3118 1463 3176 1.
1487 3116 1533 3178 De

256 3215 423 3276 sententia
445 3215 494 3276 Bl.
518 3218 689 3290 praeterea
713 3216 768 3276 cit.
789 3215 872 3276 Nub.
901 3216 984 3276 1115
1008 3219 1042 3276 et
1064 3216 1126 3277 Ar.
1154 3217 1233 3277 1101
1262 3230 1310 3289 sq.

213 3317 264 3378 Fr.
292 3319 365 3394 101,
391 3318 420 3378 2.
445 3313 541 3395 ἐγχέαι
564 3318 599 3377 et
621 3332 752 3378 meeum
777 3316 873 3395 μύρον
896 3317 945 3377 Bi.

212 3420 263 3481 Fr.
290 3422 364 3481 104.
388 3420 525 3480 Temere
549 3420 597 3480 Bi.
622 3416 731 3478 ἔδωκεν
754 3434 812 3495 pro
836 3419 1016 3479 sanissimo
1039 3417 1177 3494 ἔφασκεν.

210 3522 262 3582 Fr.
289 3523 361 3597 108,
388 3523 417 3582 2.
454 3521 644 3596 Improbata
678 3535 754 3580 mea
788 3520 978 3582 coniectura
1016 3517 1179 3600 ἠρτομένα,
1216 3536 1317 3594 quam
1351 3536 1432 3582 sane
1466 3538 1531 3584 non

254 3638 367 3699 urgeo,
400 3624 470 3698 ipse
501 3623 592 3683 Kook
623 3623 724 3682 nimis
754 3620 956 3684 confidenter
986 3624 1115 3698 reponit
1141 3619 1315 3705 ᾠκισμένοις
1339 3626 1534 3697 (praestaret

124 3775 131 3796 ,
253 3725 374 3786 saltem
404 3721 593 3801 οἰκουμένας
624 3727 682 3784 aut
711 3720 898 3805 ᾠκημένοις),
923 3740 987 3784 non
1011 3727 1168 3798 reputans
1191 3724 1313 3798 requiri
1337 3727 1425 3785 certe
1448 3726 1533 3799 quod

253 3830 328 3902 apte
351 3826 508 3902 iungatur
537 3840 613 3886 oum
643 3833 716 3883 πᾶσι
738 3823 874 3902 τρόποις,
897 3841 979 3899 quae
1002 3840 1056 3886 res
1078 3825 1201 3900 premit
1224 3826 1325 3885 etiam
1351 3827 1530 3887 violentam

252 3929 419 4003 Blaydesii
450 3927 671 3988 mutationem
700 3922 731 3984 έν
755 3934 827 3983 πᾶσι
851 3918 879 3984 δ’
906 3959 943 3968 -
968 3923 1041 3996 έζοον
1070 3924 1140 3985 τότε.
1172 3926 1272 3987 Recte
1303 3928 1417 3987 tamen
1448 3927 1531 3987 vidit

252 4027 402 4108 ἠρτομένα
425 4030 512 4090 male
534 4028 627 4103 iungi
650 4042 725 4088 eum
750 4026 859 4087 verbis
879 4023 910 4085 έν
932 4034 1025 4085 πᾶσιν
1043 4022 1181 4105 ἀγαθοῖς.
1204 4027 1302 4088 Venit
1321 4029 1354 4088 in
1367 4030 1529 4088 mentem:
1586 4034 1589 4038 '

451 4127 515 4190 καλ
538 4138 630 4188 πᾶσιν
653 4125 783 4207 ἀγαθοῖς
806 4125 896 4186 παντὶ
919 4126 1019 4210 τρόπῳ
1041 4122 1273 4206 ἡρμοσμένα

252 4234 408 4295 etcum
440 4232 635 4293 omnibus
671 4230 796 4290 rebus
830 4229 963 4289 laetis
999 4229 1109 4289 omni
1141 4229 1259 4290 modo
1299 4230 1530 4291 coniuncta

249 4351 307 4410 pro
331 4332 370 4394 έν
395 4367 435 4376 -
460 4328 711 4412 εἰργασμένα.
735 4363 772 4372 --
787 4331 843 4391 Vs.
870 4332 899 4391 5.
924 4331 1078 4391 Fortasse
1102 4328 1529 4406 τοολοΒ1.αὐταῑσιμαστί-

249 4440 329 4496 λαισι
351 4431 401 4494 καί
424 4442 542 4494 ναστῶν
565 4441 665 4516 τρνφῇ
688 4437 757 4508 (pro
779 4432 900 4510 τρύφη),
926 4432 1000 4493 coll.
1020 4431 1059 4492 fr.
1079 4432 1153 4506 130,
1176 4433 1204 4491 7.
1220 4463 1258 4473 —
1273 4430 1329 4491 VS.
1347 4433 1378 4492 6.
1399 4431 1528 4492 Kaibeli

249 4538 332 4600 coni.
367 4535 565 4613 καύτομάτοις
596 4549 662 4596 non
691 4534 858 4608 intellego.
885 4567 925 4577 -
946 4533 1003 4593 Vs.
1029 4533 1093 4592 859
1124 4535 1221 4593 teneo
1244 4535 1392 4594 veterem
1415 4547 1528 4593 meam

249 4641 333 4701 coni.
358 4640 536 4711 σίζοντες
560 4641 628 4711 (pro
652 4632 774 4706 ζέοντες)
797 4633 950 4695 ἀλλάντων
969 4633 1054 4711 τόμοι
1074 4632 1079 4712 Ι
1100 4630 1181 4713 παρά
1203 4637 1264 4705 τοῖς
1286 4639 1527 4710 ποταμοῖσιν

249 4736 458 4820 ἐξεκέχυντ’
492 4745 560 4816 (pro
586 4758 618 4796 π.
640 4759 664 4796 τ.
688 4742 832 4814 ποταμοῖς
855 4731 959 4808 σίζοντ’
986 4730 1125 4815 έκέχυνί)
1150 4729 1210 4793 ἀντ’
1240 4730 1393 4814 ὀστράκων
1420 4738 1525 4795 01110.

250 4845 290 4904 12
310 4836 448 4923 ίγχελάδί
474 4835 713 4922 ἐγκεκολαμμένα
732 4855 790 4914 pro
810 4835 936 4917 έγχέλεια
960 4855 1043 4918 συγκ.
1057 4871 1097 4881 -
1111 4836 1168 4897 Vs·
1195 4837 1234 4896 18
1258 4853 1324 4898 non
1347 4837 1526 4898 admodum

247 4946 367 5007 haereo
398 4946 431 5005 in
454 4938 720 5021 κατανενιμμένος,
748 4956 806 5016 pro
830 4957 894 5016 quo
918 4941 967 5002 Bl.
991 4933 1245 5016 καταδεδευμένος
1269 4940 1327 4998 aut
1349 4937 1526 5016 καταβεβρε-
