3502 5512
816 376 876 434 lll

228 568 293 614 non
315 569 399 628 nego
423 555 474 625 (cf.
495 555 574 616 Poll.
595 555 626 615 ΙΙ
653 558 740 634 136),
766 558 823 619 sed
847 574 910 633 quo
936 561 1031 634 pacto
1055 574 1173 620 versus
1196 560 1280 621 aller
1302 565 1378 636 apte
1401 563 1507 624 redin-

186 693 189 698 ‹
228 655 407 730 tegrandus
430 658 475 716 sit
497 658 596 718 fuerit
615 658 839 720 indicandum.
860 661 931 721 Hoc
951 661 1072 721 saltem
1092 665 1181 723 recte
1200 664 1335 738 agnovit
1346 663 1507 725 Headiam

229 759 304 831 post
327 757 428 818 verba
450 767 568 837 πρῶτον
591 768 689 842 σιωπῇ
713 764 773 830 (vs.
795 762 826 831 7)
846 763 939 835 sequi
959 762 1111 824 debuisse
1131 764 1347 839 respondendi
1359 765 1506 828 verbum.

228 857 308 918 Vide
332 862 444 922 autem
469 876 511 921 an
534 862 606 925 eius
629 863 764 924 invento
788 863 908 924 sicuti
932 864 1045 941 liceat,
1071 868 1108 926 ut
1130 867 1298 941 legamus:

450 961 572 1042 ἔκρουσε
594 964 773 1025 πουλύπουν
796 960 861 1043 τιν’,
888 985 926 1043 <,
944 960 990 1026 εἶτ’
1017 964 1195 1047 ἀπεκρίνατο

450 1064 577 1142 μδλις>,
600 1061 616 1125 ὃ
640 1061 667 1126 δ’
695 1064 864 1146 ἒπρήσθην,
883 1065 934 1127 καί
955 1063 1033 1129 τόδ’
1059 1067 1096 1130 οὐ
1120 1073 1218 1129 λαλῶν
1242 1067 1295 1129 ὅλα

450 1163 485 1224 τὰ
508 1161 622 1245 ῥήματ’,
645 1165 719 1227 ἀλλὰ
742 1166 895 1248 συλλαβὴν
919 1166 1053 1247 ἀφελών,
1070 1164 1197 1251 ’ττοίρων

449 1267 548 1346 βολῶν
571 1262 675 1348 γίνοιτ’
697 1264 751 1329 ἄν’
773 1264 806 1346 ’ἡ
832 1266 864 1329 δὲ
888 1267 998 1349 κέστρα
1020 1266 1092 1332 ’κτὼ
1115 1267 1232 1352 βολῶν·’
1259 1270 1316 1332 κτὲ.

227 1367 384 1429 Deinde
417 1369 488 1430 vix
523 1372 757 1447 respondit,
794 1371 919 1446 idque
954 1378 1068 1448 (quae
1103 1389 1169 1435 res
1200 1375 1409 1435 furiosum
1444 1392 1505 1438 me

226 1469 374 1540 reddit)
406 1475 483 1532 cett.
515 1473 577 1533 Sed
604 1474 746 1535 fortasse
769 1470 818 1532 καλ
843 1472 921 1551 τότε,
943 1478 984 1535 et
1008 1479 1092 1535 tum
1117 1477 1197 1546 (scil.
1221 1477 1352 1551 quando
1375 1491 1505 1553 respon·

224 1572 290 1642 det)
324 1574 443 1634 melius
477 1574 673 1652 servabitur,
709 1592 784 1637 cum
820 1577 1018 1651 praesertim
1057 1580 1167 1652 potius
1200 1574 1276 1639 τοῦτ’
1313 1583 1507 1656 expectetur

225 1689 326 1749 quam
357 1670 431 1735 τόδ’.
457 1710 496 1719 -
520 1675 634 1755 ττάρων
665 1681 756 1739 certa
787 1679 918 1739 videtur
949 1679 1063 1739 Kockii
1088 1681 1245 1741 correctio
1268 1697 1327 1757 pro
1350 1682 1505 1762 τεττάρων,

224 1791 284 1837 nec
307 1777 428 1838 rectius
452 1778 499 1839 Bl.
524 1779 623 1839 scribi
647 1781 746 1840 iussit
768 1780 874 1858 τάρων.

179 1876 229 1938 Fr.
255 1878 307 1939 35.
343 1876 360 1938 ἔ
364 1900 448 1958 χειν
482 1881 652 1962 καθαρείως
687 1879 856 1962 ἐγχελύδιόν
891 1905 917 1942 τι
948 1879 999 1941 καί
1022 1880 1079 1942 κτλ.
1111 1883 1176 1944 Vix
1198 1900 1316 1946 sanum
1344 1888 1395 1947 est
1418 1884 1501 1964 ἔχειν.

223 1980 371 2056 Propone
401 1983 555 2060 λαβεῖν,
584 1985 605 2046 i.
630 2001 658 2045 e.
690 1981 849 2064 ἀγοράσαι,
879 1984 952 2046 coll.
984 1985 1161 2046 Nicostrati
1184 1986 1223 2047 fr.
1249 1989 1278 2063 6,
1304 1988 1323 2046 2
1348 1984 1388 2064 μὴ
1410 1991 1502 2047 πολυ-

221 2084 323 2158 τελῶς,
356 2080 429 2143 ἀλλὰ
459 2085 642 2164 καθαρείως,
672 2086 829 2147 δασύποδα
853 2120 894 2127 -
925 2083 1076 2166 ἀγόρασον
1107 2085 1163 2146 κτὲ.
1195 2088 1302 2148 Etiam
1328 2088 1500 2163 Blaydesio

221 2188 412 2259 suspectum
443 2202 517 2248 esse
551 2202 638 2250 nunc
672 2189 766 2250 video
801 2187 891 2268 ἔχειν,
925 2189 979 2264 qui
1011 2189 1051 2249 de
1082 2205 1173 2250 more
1197 2190 1339 2265 plurima
1363 2192 1498 2254 conicit:

223 2283 340 2362 ἔσθειν,
370 2282 451 2346 ὠνοῦ
475 2290 597 2363 (quidni
622 2289 732 2367 πρλαλ)
756 2288 828 2369 λαβέ
851 2313 918 2365 νον,
941 2287 1014 2370 λαβέ
1031 2313 1074 2366 τι,
1097 2290 1130 2351 in
1155 2290 1283 2352 ultimis
1306 2293 1499 2367 conspirans

221 2402 324 2463 paene
355 2404 495 2450 mecum.
520 2390 612 2451 Idem
636 2395 807 2466 praeterea
829 2394 1003 2468 postulans
1025 2414 1051 2451 τι
1081 2388 1100 2470 ἢ
1129 2394 1162 2452 et
1190 2393 1279 2454 vs.2
1311 2389 1330 2471 ἢ
1360 2409 1418 2468 pro
1449 2391 1497 2453 καλ

222 2490 382 2552 refellitur
416 2492 531 2553 eodem
561 2494 740 2555 Nicostrati
770 2491 855 2573 loco,
899 2511 967 2556 uss.
1000 2496 1037 2569 3;
1070 2498 1107 2568 4;
1137 2499 1174 2576 λη
1204 2495 1328 2555 rectius
1357 2494 1498 2556 fortasse

222 2607 270 2654 vs.
295 2595 314 2653 2
339 2593 502 2654 dubitavit
520 2594 560 2655 de
589 2595 697 2656 forma
730 2596 952 2675 γλαυκινιδίου,
982 2598 1058 2671 quia
1080 2597 1193 2657 nullus
1215 2597 1260 2656 sit
1285 2597 1385 2671 piscis
1408 2600 1498 2677 γλαυ-

218 2697 310 2765 κῑνος.
346 2693 490 2756 Ooniecit
523 2696 552 2755 τί
580 2718 631 2773 μοι
652 2693 696 2775 ld
728 2698 806 2768 (imo
836 2695 897 2768 καλ)
928 2697 1118 2777 γλαυκιδίου,
1149 2701 1207 2759 aut
1236 2697 1264 2756 τί
1293 2694 1312 2776 ἢ
1336 2699 1413 2766 (imo
1436 2696 1497 2768 καί)

217 2797 457 2877 γλαυκισκιάίου,
486 2814 568 2874 quae
600 2800 705 2860 iorma
728 2814 891 2873 nusquam
915 2799 1065 2875 traditur,
1091 2800 1224 2876 insuper
1246 2802 1371 2859 temere
1394 2801 1496 2874 requi·

218 2914 294 2961 rens
316 2898 464 2979 τεμάχιον.

173 3001 223 3062 Fr.
248 3003 300 3078 37,
322 3003 342 3062 4
366 3003 474 3065 deleto
497 3003 575 3064 οὕτω
599 3008 651 3074 (an
676 3020 785 3065 errore
807 3004 946 3080 repetito
969 3018 1011 3064 ex
1035 3019 1083 3064 vs.
1108 3005 1170 3079 si),
1195 3006 1270 3078 apte
1293 3003 1472 3064 Headlam:

454 3104 556 3184 (πρὸς
580 3114 695 3169 τοῦτο)
722 3112 815 3184 λῆρον
839 3103 889 3177 τὰς
914 3104 1072 3184 ῥαφάνους
1096 3105 1212 3182 δοκεῖν,

214 3206 299 3280 quod
330 3207 425 3281 longe
455 3208 602 3282 praefero
633 3208 787 3283 Madvigii
815 3209 1023 3269 coniecturae
1053 3205 1161 3268 <κὸν>
1187 3210 1289 3283 λῆρον,
1319 3204 1391 3265 ὥστε
1419 3228 1442 3264 τ.
1466 3203 1491 3283 p.

213 3309 305 3385 λῆρον
329 3306 429 3367 δοκεῖν
452 3312 486 3369 et
508 3309 647 3370 aliorum
672 3311 881 3371 commentis.
912 3309 1078 3383 Blaydesii
1100 3308 1287 3369 tentamina
1312 3306 1385 3368 vide
1409 3307 1493 3383 apud

217 3410 325 3485 ipsum
349 3426 378 3485 p.
407 3411 480 3472 142.

172 3509 223 3570 Fr.
244 3512 296 3586 38,
312 3512 341 3572 2.
365 3515 470 3590 πρῖνος
490 3515 523 3573 et
542 3511 672 3590 κόμαρος
693 3513 897 3589 copulantur,
919 3513 1007 3571 utin
1027 3511 1139 3586 Eupol.
1160 3511 1191 3570 ΙΙ
1211 3512 1276 3571 426
1293 3511 1333 3570 Μ.
1354 3510 1435 3580 (Bt).
1451 3544 1491 3554 -

215 3612 271 3673 Vs.
296 3614 326 3673 3.
354 3608 402 3690 <ll
426 3608 453 3673 d'
480 3605 549 3677 od>
577 3615 698 3693 κράνεια
722 3611 776 3673 κιὲ.
800 3615 898 3675 idem.
924 3613 1122 3687 Expectatur
1145 3627 1226 3672 sane
1249 3611 1418 3672 articulus.

171 3712 222 3774 Fr.
247 3716 299 3790 40,
328 3716 342 3774 l
368 3714 415 3774 Bl.
439 3731 503 3776 non
527 3715 614 3776 male
638 3713 738 3775 ἔλαιον
769 3716 821 3776 vel
843 3708 864 3773 τ’
891 3717 960 3784 (aut
971 3709 1008 3792 γ’)
1031 3711 1145 3789 lictor,
1168 3713 1230 3773 nisi
1251 3713 1334 3772 iorte
1352 3709 1492 3772 τοῦλαιον

215 3818 419 3877 contractum
450 3821 502 3878 est
532 3833 573 3877 ex
603 3838 647 3876 τοι
677 3815 785 3877 ἔλαιον.
815 3818 880 3877 Res
903 3817 937 3876 in
961 3817 1022 3877 hac
1041 3816 1218 3890 fragmenti
1243 3814 1403 3874 brevitate
1427 3829 1491 3875 non

213 3920 324 3994 potest
346 3918 527 3980 diiudicari.

170 4017 220 4078 Fr.
245 4020 298 4095 45,
335 4035 410 4080 cum
445 4021 536 4080 nulla
565 4021 609 4081 sit
641 4021 779 4081 Arsenio
809 4021 905 4095 fides,
937 4019 1006 4079 iure
1037 4018 1072 4078 Ο.
1087 4016 1221 4078 drusius
1251 4017 1336 4077 inter
1366 4016 1490 4076 incerta

212 4120 411 4181 incertorum
446 4121 633 4195 fragmenta
667 4121 917 4195 relinquendum
948 4119 1053 4179 inisse
1088 4122 1195 4193 putat;
1227 4119 1306 4178 item
1338 4117 1398 4192 Bl.,
1435 4119 1489 4189 qui

212 4221 378 4282 Plutarchi
403 4222 579 4283 lectionem
603 4227 684 4282 κεῖθι
707 4225 870 4298 tragicum
894 4221 1038 4283 indicare
1061 4224 1150 4280 recte
1175 4219 1307 4279 iudicat.

168 4322 219 4384 Fr.
244 4325 298 4384 46.
478 4322 546 4402 οὐχ
569 4322 843 4403 ὑποστρώσεις
865 4323 935 4382 ποτὲ
956 4316 960 4401 Ι
981 4323 1147 4400 τρίκλινονς

213 4424 293 4501 Quid
317 4426 361 4486 sit
380 4422 627 4503 ὑποστρωννύναι
652 4424 772 4502 δέμνια,
797 4423 931 4503 λέκτρον,
954 4424 1077 4484 similla
1101 4421 1271 4496 intellego,
1294 4419 1351 4480 sed
1376 4419 1488 4480 absur-

211 4528 290 4589 dum
324 4529 376 4588 est
410 4524 659 4605 ὑποστρωννύναι
693 4527 849 4606 τρίκλινον,
884 4526 970 4586 Num
1005 4527 1089 4586 forte
1124 4522 1168 4582 οὐ
1203 4522 1247 4582 σύ
1281 4543 1341 4580 τοι
1372 4525 1410 4591 (s.
1438 4519 1488 4596 δὴ)

211 4626 396 4708 στρώσεις
420 4625 501 4688 ute?
524 4628 571 4689 Cf.
591 4628 704 4703 Polyb.
730 4630 781 4703 31,
808 4630 838 4703 4,
864 4629 883 4687 3
908 4626 1033 4706 ἔστρωτο
1058 4619 1086 4684 δ’
1109 4623 1149 4695 εἰς
1170 4622 1296 4702 εὐωχίαν
1314 4622 1391 4701 χίλια
1409 4621 1487 4701 τρίκ-

208 4734 284 4790 λινα.
309 4731 460 4790 Socrates
484 4729 587 4790 Rhod.
619 4745 672 4804 ap.
704 4730 824 4789 Athen.
850 4729 893 4788 iv
922 4745 952 4803 p.
982 4728 1041 4788 147
1065 4728 1088 4786 F
1121 4725 1236 4785 δώδεκα
1267 4725 1398 4804 τρίκλινα
1422 4723 1487 4783 δια-

208 4831 376 4910 στρώσασα,
400 4834 485 4893 unde
508 4833 609 4892 etiam
634 4831 756 4907 possis,
781 4830 838 4892 sed
863 4831 975 4891 minus
999 4830 1126 4904 leniter,
1149 4825 1185 4887 οὐ
1206 4825 1394 4905 διαστράσεις
1413 4821 1486 4897 κτὲ.;

164 4934 216 4996 Fr.
243 4936 315 4996 149.
340 4931 580 5014 διαπαρθίν(ε)ια
604 4932 687 5012 δῶρα
712 4933 808 4993 malit
830 4932 983 5006 BlaydeS.
