3502 5512
884 360 944 418 114

297 552 334 610 111
354 566 403 611 vs.
417 549 535 611 ultimo
555 562 620 609 non
639 548 740 623 probo
753 546 864 608 Cobeti
878 547 1101 608 coniecturam
1114 553 1221 604 τοῦτον
1233 544 1353 606 διδόναι
1365 544 1465 623 νόμιζε
1477 565 1500 603 τ,
1512 565 1539 602 α.
1551 548 1576 602 i.

254 651 305 712 Fr.
331 652 383 726 21,
409 653 440 712 2.
466 643 557 729 φράζ’
585 647 628 708 ὅτι
652 647 769 709 malim
793 663 869 709 cum
893 648 942 708 Bi.
969 681 1008 691 -
1032 647 1089 708 Vs.
1114 650 1144 710 3.

520 755 556 810 A.
581 749 670 829 ἰχθῦς
694 757 899 829 φρονοῦντας,
922 741 945 808 ὦ
968 750 1073 828 πάτερ,
1096 749 1137 827 μή
1161 772 1211 826 μοι
1235 746 1343 828 βρέφη.

520 855 552 912 Β.
576 851 633 913 οὐκ
656 845 735 912 οἶσθ’
761 850 819 912 ὅτι
843 848 1061 931 τάργύριον
1086 845 1138 911 ἔστ’
1166 850 1338 930 ἰσάργυρον.

297 956 401 1032 Kock,
434 956 610 1031 plaudente
634 955 694 1029 ΒΙ.,
723 955 861 1015 coniecit
885 949 949 1030 ὁτιὴ
973 951 1150 1032 τούψάριον,
1172 969 1255 1028 quae
1281 953 1378 1016 lectio
1401 953 1485 1014 mihi
1508 952 1576 1029 qui·

297 1059 372 1119 dem
395 1058 501 1134 placet
525 1056 744 1132 mediocriter,
766 1059 800 1116 et
822 1055 907 1131 quod
931 1058 1069 1131 excepto
1092 1057 1317 1117 Mnesimacho
1344 1055 1472 1116 nullum
1499 1053 1578 1114 novi

296 1160 460 1220 comicum
492 1157 548 1233 qui
571 1153 650 1233 ὁτιή,
673 1158 757 1231 quod
788 1156 885 1231 quia
911 1150 1097 1231 significare
1120 1156 1259 1233 assolet,
1284 1171 1342 1232 pro
1365 1155 1509 1226 (tradito)
1533 1153 1577 1215 ὅτι

199 1258 202 1265 ’
299 1261 482 1336 usurpavit,
504 1261 537 1320 et
556 1259 640 1333 quod
660 1259 694 1319 in
714 1273 871 1332 responso
890 1258 998 1318 iuerat
1010 1258 1235 1333 indicandum,
1256 1260 1368 1318 utrum
1388 1256 1575 1328 obsonium,

298 1363 441 1422 maiores
460 1377 502 1422 an
523 1361 644 1421 minuti
662 1361 783 1436 pisces,
804 1362 941 1434 argento
961 1362 1077 1421 contra
1095 1374 1209 1420 carum
1229 1373 1303 1420 esse
1322 1358 1426 1418 altera
1438 1373 1578 1433 persona

298 1464 431 1525 diceret.
463 1463 545 1539 Quia
575 1466 687 1523 autem
718 1458 878 1541 τδιρρύριοι
901 1461 1080 1521 manifesta
1103 1460 1324 1535 dittographia
1346 1462 1463 1520 natum
1486 1463 1537 1520 est
1560 1475 1577 1519 e

298 1565 446 1639 sequenti
472 1563 643 1643 ἰσάργυρον,
665 1578 731 1623 non
750 1563 848 1623 anxie
868 1562 923 1623 hic'
940 1562 1134 1638 respiciendi
1153 1564 1232 1622 sunt
1250 1560 1437 1621 litterarum
1458 1561 1577 1636 apices.

299 1665 522 1741 Expectabam
546 1663 671 1740 potius:

523 1765 580 1826 οὐκ
602 1759 681 1824 οἷσθ’
707 1764 763 1825 ὅτι
787 1757 937 1843 τοῦψόν
961 1760 1013 1825 ἔστ’
1047 1759 1190 1826 (ἐκεῖν’)
1217 1762 1395 1843 ἱσάργορον;

298 1867 356 1929 VS.
381 1869 410 1928 2.
435 1867 517 1928 Cum
541 1868 590 1928 Bl.
615 1869 729 1928 malim
754 1861 844 1944 φράζ’
872 1866 889 1927 ὅ
911 1889 946 1927 τι.

256 1969 306 2030 Fr.
327 1968 379 2044 22,
402 1970 431 2031 2.
451 1969 497 2030 De
518 1970 761 2030 constructione
781 1970 829 2031 Bi.
849 1969 904 2030 cit.
928 1971 981 2030 Ar.
1003 1969 1084 2030 Aah.
1106 1970 1168 2028 301
1191 1973 1224 2028 et
1242 1967 1371 2028 Alexid.
1386 1967 1433 2026 ΙΙΙ
1446 1969 1509 2028 471
1524 1967 1577 2041 Μ.,

299 2086 347 2132 vs.
373 2073 392 2132 3
415 2073 505 2133 recte
528 2071 666 2146 probata
690 2071 824 2132 Elmelei
849 2072 1048 2132 correctione
1071 2078 1148 2130 ιιοιιο
1172 2085 1235 2142 σοι;

255 2171 306 2231 Fr.
332 2173 384 2247 23,
409 2175 435 2232 l.
461 2173 553 2233 Idem
577 2172 632 2233 eft.
657 2173 712 2232 Ar.
736 2172 818 2233 Nub.
840 2174 904 2233 655
925 2169 1041 2251 ἀγρεῖος
1062 2170 1088 2231 εἰ
1105 2168 1155 2230 καὶ
1174 2168 1293 2245 σκαιός,
1312 2170 1428 2231 deinde
1447 2170 1579 2231 inutilia

298 2273 458 2347 quaedam
484 2275 627 2334 tentans.
643 2308 682 2316 -
696 2272 752 2333 Vs.
777 2274 807 2334 2.
832 2271 886 2350 τὴν
909 2276 1040 2351 γλῶτταν
1064 2277 1208 2351 φορεῖς.
1232 2271 1302 2333 Ηοο
1324 2270 1433 2332 solum
1452 2272 1486 2331 in
1506 2271 1577 2333 tali·

300 2374 361 2435 bus
379 2375 520 2436 atticum
540 2376 599 2435 est.
615 2374 732 2435 Aesch.
747 2374 857 2450 Suppl.
871 2377 935 2436 994
956 2377 990 2435 at
1002 2375 1098 2450 soph.
1112 2375 1150 2436 ir.
1164 2376 1227 2436 811
1242 2368 1338 2433 NcIr'.
1356 2373 1444 2434 male
1456 2374 1580 2434 tradita

301 2478 379 2536 sunt
402 2472 486 2552 φέρει
508 2478 543 2536 et
565 2472 651 2558 φέρῃ.

257 2577 308 2638 Fr.
335 2577 387 2652 25,
413 2577 443 2636 2.
469 2591 543 2637 cum
567 2576 615 2636 Bl.
640 2576 712 2652 lege
736 2574 849 2637 οὔκουν
874 2611 913 2621 -
938 2574 1048 2658 λέγεινς

257 2679 308 2738 Fr.
333 2680 385 2753 26,
414 2681 441 2738 1.
466 2677 528 2739 cst.
559 2678 645 2738 idem
676 2673 840 2756 ἡδυόσμοις
871 2678 1019 2758 στρώμασι
1049 2681 1151 2740 Arist.
1183 2680 1222 2741 ir.
1254 2680 1286 2739 II
1320 2679 1468 2740 117811.
1504 2679 1578 2739 Per·

301 2797 414 2855 peram
448 2796 524 2842 vero
554 2781 675 2840 eximie
704 2781 829 2842 dictum
860 2786 1024 2856 ψακαστοῖς
1055 2783 1088 2842 in
1121 2782 1256 2857 vulgare
1284 2785 1433 2840 στακτοῖσι
1455 2781 1579 2842 mutari

301 2882 401 2957 iubet,
425 2881 483 2941 sed
506 2881 574 2941 iere
598 2881 824 2960 praetulerim,
856 2883 934 2944 licet
959 2886 1091 2959 propter
1114 2882 1307 2944 violentiam
1331 2882 1413 2943 nihil
1432 2885 1577 2960 mutem,

301 2980 499 3060 κᾶρδομαι
521 2978 526 3059 Ι
546 2982 651 3060 μύροις
674 2987 840 3055 ψακαστοῖς
863 3000 921 3060 pro
945 2982 1009 3042 καὶ
1032 2985 1138 3063 μύροις
1160 2978 1165 3064 Ι
1185 2987 1330 3061 λοῦμοι
1353 2987 1528 3059 ψακαστοῖς.

257 3086 307 3145 Fr.
344 3086 395 3145 28.
431 3083 534 3144 Valde
569 3083 652 3143 mihi
686 3084 819 3158 quidem
854 3085 975 3146 arridet
1005 3086 1120 3146 Kockii
1152 3085 1325 3162 correctio,
1356 3099 1434 3145 nam
1466 3084 1578 3145 durior

302 3185 471 3261 anapaesti
491 3185 620 3260 incisio,
641 3185 675 3245 in
699 3201 763 3258 qua
783 3185 921 3247 haerens
940 3187 988 3247 Bi.
1010 3188 1148 3248 coniecit
1170 3186 1320 3260 <ιαίτοι>Ι
1340 3190 1417 3260 φιλο
1440 3207 1472 3266 γε
1493 3184 1578 3264 Πρά-

301 3310 389 3364 μνιον
411 3284 461 3346 καὶ
492 3284 634 3364 Λέσβιοι,
662 3288 815 3347 excusari
838 3288 968 3349 videtur
989 3292 1062 3350 arta
1082 3288 1316 3350 vocabulorum
1340 3288 1577 3351 coniunctione.

301 3389 347 3450 De
371 3390 445 3449 vino
470 3390 624 3450 Pramnio
648 3390 688 3482 ci.
714 3390 898 3451 vLeeuwen
922 3390 962 3450 ad
986 3392 1041 3466 Eq.
1070 3393 1142 3452 107.

256 3591 432 3658 Anaxilao
454 3593 493 3652 fr.
518 3592 610 3653 4131.
635 3589 753 3652 ἐττὲδιττὲ
776 3608 807 3652 σε
831 3596 920 3669 apte,
946 3595 1004 3655 sed
1027 3594 1131 3654 nimio
1155 3594 1336 3655 molimine.
1357 3592 1579 3653 Probabiliora

299 3697 475 3755 suaserunt
498 3693 644 3753 Meincire
668 3696 700 3754 et
724 3693 826 3754 Koclr.
859 3695 925 3754 Nec
949 3694 1049 3770 probo
1068 3696 1215 3756 eiusdem
1237 3696 1461 3756 coniecturam
1486 3695 1576 3769 12,1

300 3793 456 3873 διιβάτας,
478 3795 562 3869 quod
586 3797 779 3869 suspectum
804 3796 887 3870 apud
909 3793 1130 3870 Antiphanem
1155 3798 1227 3871 133,
1254 3797 1272 3855 3
1297 3797 1350 3856 hic
1368 3796 1459 3856 omni
1478 3808 1579 3855 sensu

300 3897 495 3957 destitutum
520 3897 579 3954 est.
604 3895 719 3955 Kockii
742 3897 947 3970 suspiciones
966 3898 1086 3958 saltem
1107 3899 1249 3974 speciem
1271 3898 1405 3973 habent,
1425 3895 1579 3971 quamvis

301 4000 444 4059 incertae
468 4001 501 4058 et
523 3997 623 4072 ipsae.

257 4102 306 4160 Fr.
324 4103 373 4176 15,
387 4102 413 4160 1.
434 4098 572 4178 τρίχορδα
588 4114 702 4158 meum
714 4098 829 4173 probat
842 4099 889 4158 Bi.
904 4099 1024 4161 Utrum
1038 4099 1186 4175 ιιαδαψός
1199 4101 1326 4174 (Photi,
1341 4100 1425 4174 quod
1438 4099 1579 4174 praefert

300 4202 359 4276 ΒΙ.,
377 4217 419 4261 an
443 4199 610 4275 σκινδαψός
630 4200 773 4270 (Athen.)
793 4202 937 4274 genuina
955 4203 1001 4262 sit
1020 4202 1232 4262 instrumenti
1252 4202 1358 4261 forma
1376 4201 1578 4274 ignoramus.

257 4305 307 4364 Fr.
336 4305 385 4378 18,
413 4306 441 4363 1.
477 4306 610 4373 στακτοῖς
645 4318 702 4378 pro
734 4302 860 4374 ξανθοῖς
892 4304 963 4362 sine
994 4319 1094 4363 causa
1123 4303 1171 4364 Bi.
1197 4336 1236 4344 -
1261 4302 1318 4362 Vs.
1350 4304 1379 4362 4.
1411 4303 1577 4378 Typorum

302 4405 419 4464 vitium
440 4397 500 4485 ᾠδι’
523 4402 704 4462 nideror
724 4418 781 4478 pro
802 4418 839 4463 eo
859 4404 942 4477 quod
959 4406 1163 4465 coniecerant
1177 4399 1209 4487 ᾤ’
1232 4401 1430 4462 initurae
1449 4402 1526 4463 iecit
1542 4404 1579 4461 ut

300 4506 385 4565 hanc
409 4506 631 4566 certissimam
655 4505 935 4581 emendationem,
957 4507 989 4566 in
1009 4521 1107 4580 quam
1131 4506 1291 4566 inciderat
1314 4519 1441 4578 quoque
1463 4500 1579 4562 Kockii

300 4606 410 4682 frater,
432 4607 508 4666 huic
528 4608 641 4667 cedere
661 4606 822 4667 deberem.
838 4641 878 4649 —
891 4607 946 4666 Vs.
970 4610 997 4667 7.
1016 4601 1162 4684 Ἐφεσήια
1181 4605 1336 4687 γράμματα
1356 4605 1439 4664 ιιι-τλά.
1456 4604 1578 4664 Vereor

301 4723 341 4767 ne
355 4723 460 4768 vanae
472 4709 540 4769 sint
553 4708 667 4769 Kockii
682 4709 869 4768 coniectura
881 4706 970 4766 καιιδ
983 4711 1015 4768 et
1027 4708 1193 4782 Blaydesii
1205 4707 1320 4786 ιροτττά
1332 4708 1391 4767 aui
1402 4703 1516 4784 ypomd
1528 4700 1576 4782 (i),

301 4811 358 4868 aut
378 4809 496 4878 (Add.)
523 4802 676 4888 ypuppdu'
700 4805 785 4878 ἅττα,
804 4812 837 4866 et
861 4810 1007 4869 comicus
1026 4825 1142 4870 revera
1165 4811 1298 4885 propter
1326 4807 1469 4867 ionicum
1490 4799 1579 4880 Ἐρε-

300 4908 370 4986 σήια
394 4911 433 4969 de
457 4911 619 4970 industria
642 4911 782 4971 ionicam
807 4911 992 4983 prosodiam
1017 4912 1171 4971 adiectivi
1194 4908 1284 4980 καλός
1307 4906 1488 4968 admiserit.
