3502 5512
853 319 917 377 206

224 509 275 567 Fr.
301 508 375 565 283.
408 505 441 564 Si
479 506 566 564 recte
604 508 778 582 καταγελᾶτε
809 506 968 566 adversus
1000 521 1053 565 me
1082 506 1235 571 tuebatur
1267 508 1372 585 Kock,
1413 525 1549 571 consen·

269 612 404 667 taneum
439 610 490 666 est
524 605 657 665 Aetolos
692 609 856 684 καταγελᾶν
888 610 1002 667 contra
1040 622 1136 666 usum
1168 610 1306 670 atticum
1337 626 1412 671 cum
1435 611 1550 672 dativo

269 707 491 780 coniunxisse,
535 710 569 766 ut
612 706 723 787 lacere
752 707 837 767 solet
868 708 1067 783 Herodotus¹
1103 709 1196 768 cuius
1231 710 1319 770 locos
1355 711 1417 771 buc
1451 714 1548 786 perti·

268 815 384 870 nentes
408 808 525 867 iniuria
547 808 739 868 sollicitavit
764 808 873 869 Cobet.

223 914 274 973 Fr.
300 911 374 970 287.
407 910 579 983 Anonymo
610 910 710 969 Arist.
742 911 842 970 Beklr.
867 911 971 970 altero
995 909 1065 970 loco
1089 926 1106 970 e
1132 911 1235 984 priore
1260 911 1307 971 Bl.
1332 910 1549 989 διαπορητικὸν

267 1014 371 1073 reddit
401 1027 457 1087 pro
492 1008 720 1087 ἐπαπορητικόν,
756 1012 895 1071 Facilior
931 1014 1042 1071 tamen
1078 1012 1236 1072 correctio
1271 1015 1323 1072 est
1353 1009 1547 1091 ἀπορητικόν.

267 1115 350 1174 Utut
374 1115 438 1188 est,
464 1112 497 1170 in
521 1112 591 1186 ipso
615 1112 800 1185 fragmento
820 1112 1004 1187 elegantius
1024 1115 1076 1173 est
1092 1114 1250 1173 traditum
1271 1111 1329 1191 όρα
1348 1129 1448 1188 quam
1462 1117 1549 1190 quod

267 1217 315 1276 Bl.
339 1215 496 1275 substitui
520 1213 608 1272 iubet
632 1212 721 1289 πάρα.

222 1318 272 1377 Fr.
288 1318 362 1376 288.
383 1316 499 1376 Pollux
512 1315 542 1373 ll
556 1316 598 1374 35
618 1311 667 1372 καὶ
686 1311 920 1389 ἕψήσασθαι
941 1308 973 1371 δὲ
993 1311 1046 1389 τὴν
1068 1313 1165 1390 κόμην
1185 1314 1216 1373 τὸ
1237 1325 1423 1395 καταρχῶσαι
1446 1316 1549 1396 ἔλεγον

883 1412 937 1490 τὴν
961 1414 1061 1491 κόμην
1083 1410 1277 1491 ἡψήσαιο.

265 1518 401 1578 Difficile
432 1518 517 1577 dictu
543 1520 607 1590 est,
647 1517 808 1589 quomodo
844 1515 927 1576 sibi
959 1528 1137 1591 coquere
1170 1518 1231 1578 huc
1260 1534 1361 1578 sensu
1393 1522 1546 1594 usurpari

265 1621 417 1695 potuerit.
449 1619 515 1677 Aut
545 1618 650 1692 fallor,
680 1620 737 1676 aut
766 1618 1022 1691 grammaticum
1054 1618 1181 1692 decepit
1205 1623 1359 1694 corrupta
1382 1620 1480 1681 lectio
1505 1637 1547 1680 ex

266 1719 452 1796 loricato,
475 1718 560 1777 sibi
585 1717 802 1792 infricuit,
827 1718 994 1778 infecit.

221 1824 271 1882 Fr.
296 1823 370 1896 294,
399 1824 426 1880 l.
453 1820 522 1879 Non
548 1822 723 1879 contentus
746 1820 977 1879 emendatione
1001 1835 1076 1879 mea
1101 1823 1232 1896 recepta
1255 1837 1275 1881 a
1298 1822 1422 1882 Kockio
1446 1823 1547 1900 κυρίτ-

264 1946 321 1981 των
344 1938 402 1997 pro
426 1920 551 1995 κυλίων,
581 1921 628 1979 Bl.
658 1920 808 1994 proponit
832 1919 993 1995 διακυκῶν,
1016 1921 1173 1994 producto
1197 1921 1286 1982 brevi
1309 1923 1415 1983 vocali
1439 1924 1482 1984 o!
1500 1955 1546 1965 -

265 2025 409 2097 Longino
433 2024 473 2082 de
494 2022 578 2082 subl.
603 2023 633 2096 3,
659 2024 678 2080 4
702 2022 784 2081 bene
807 2022 894 2082 idem
918 2022 1024 2081 reddit
1046 2021 1087 2094 εἰς
1114 2021 1205 2086 <τὸ>
1232 2022 1373 2100 ῥωπικόν.

220 2124 271 2182 Fr.
296 2125 370 2183 296.
396 2122 475 2182 Ooll.
500 2123 554 2181 Ar.
580 2121 661 2180 Nub.
690 2123 783 2196 1168,
809 2121 888 2181 olim
912 2123 1015 2182 suasi:

451 2217 525 2295 eice,
548 2221 648 2294 φίλος,
671 2219 743 2298 ι”χεις
768 2226 896 2299 γυναῖκα
921 2222 1061 2299 σχοινίων
1085 2222 1308 2300 πωλουμένων;

262 2343 303 2385 cx
328 2329 397 2400 ipso
423 2325 548 2384 Donato
572 2340 629 2398 pro
653 2317 710 2397 φίλ’
737 2318 783 2393 ὃς,
807 2324 860 2396 qui
885 2339 965 2383 usus
989 2324 1133 2387 Homero
1158 2329 1190 2386 et
1214 2328 1349 2400 tragicis
1373 2331 1425 2388 est
1448 2328 1542 2389 fami·

263 2428 470 2486 liarissimus.
495 2425 604 2498 Neque
628 2439 709 2498 opus
730 2439 803 2483 esse
821 2424 987 2497 Blaydesii
1009 2425 1297 2503 coniecturarum,
1319 2433 1436 2505 γαμεῖς,
1459 2429 1544 2499 (fut.)

263 2530 468 2588 demonstrat
503 2542 533 2586 v.
558 2541 584 2585 c.
621 2525 821 2599 Antiphanis
856 2524 894 2583 ir.
922 2525 994 2599 100,
1020 2527 1050 2599 4,
1083 2527 1167 2599 quod
1199 2529 1268 2603 ipse
1298 2529 1426 2589 attulit:
1459 2534 1544 2602 πλεῖς

263 2635 337 2698 (non
362 2632 497 2696 πλευσιῖ)
522 2625 575 2701 τὴν
600 2625 751 2684 θάλατταν
774 2626 912 2702 σχοινίων
936 2623 1155 2701 πωλουμένωνς

218 2733 267 2791 Fr.
294 2732 368 2790 298.
393 2729 548 2790 Aeschini
573 2731 660 2787 reete
684 2727 732 2786 Bi.
758 2724 961 2803 Παρμένωνος
985 2728 1091 2786 reddit
1114 2744 1170 2802 pro
1195 2727 1415 2805 Παρμένοντος.

217 2834 267 2891 Fr.
293 2832 478 2891 299—301.
505 2828 576 2887 Vid.
601 2828 725 2902 Nauck,
751 2827 822 2887 Mel.
847 2826 890 2885 Vl
917 2829 988 2887 159.
1015 2827 1152 2887 Fallitur
1179 2828 1221 2887 ibi
1247 2830 1296 2888 vir
1319 2831 1472 2905 egregius
1495 2834 1537 2893 ad

262 2935 299 2993 ir.
325 2934 389 2993 310
417 2948 464 3004 sq.
496 2932 528 2990 in
561 2929 736 2989 Herodiani
768 2927 838 2988 loco
869 2929 1035 2988 coniciens
1066 2930 1227 3005 μινθοβόψ
1256 2945 1315 3005 pro
1345 2932 1537 3011 πιτνθοβάψ.

261 3035 306 3095 Cf.
332 3033 505 3093 Arcadium
532 3033 584 3105 94,
613 3031 662 3089 13.

215 3136 265 3195 Fr.
291 3137 366 3195 328.
387 3129 512 3210 ὀρεινόν.
533 3131 612 3191 Poll.
627 3130 685 3189 VII
703 3132 744 3191 69
764 3127 939 3207 ἀκναμιιτον
959 3131 990 3200 (l.
1004 3128 1168 3210 ἀγναπτον)
1185 3131 1302 3207 ἱμάτιον
1323 3129 1483 3211 ὀρεινὸν
1503 3135 1538 3196 τὸ

259 3234 287 3294 οί
311 3233 394 3312 μέσοι
417 3233 554 3309 κωμικοί,
585 3231 681 3308 ὥσπερ
712 3229 973 3310 εἰργασμένον
998 3233 1030 3292 τὸ
1054 3231 1249 3311 ἒγναμμένον.
1274 3235 1350 3310 Ipsa
1373 3237 1538 3310 oppositio

258 3338 352 3397 docet
375 3336 540 3396 Pollucem
564 3336 735 3409 scripsisse
759 3332 896 3413 ἀργόν,
920 3339 956 3395 ut
979 3336 1141 3409 corrigere
1165 3338 1339 3410 occupavit
1360 3336 1537 3400 Headlam.

214 3440 265 3500 Fr.
291 3442 366 3499 333.
397 3436 652 3513 προυνίκους.
685 3436 730 3496 Oi.
763 3437 904 3496 Lexicon
935 3453 1047 3496 meum
1071 3437 1310 3513 suppletorium
1334 3441 1368 3498 et
1390 3439 1535 3500 dialecti·

259 3557 333 3600 cum
358 3556 384 3599 a.
411 3555 440 3597 v.
465 3553 538 3612 pag.
564 3538 639 3597 717.

302 3643 386 3700 Ante
422 3639 459 3698 ir.
484 3641 548 3699 336
581 3638 680 3697 inseri
713 3643 851 3711 possunt
884 3638 946 3696 duo
978 3639 1163 3712 lragmento
1196 3654 1213 3698 e
1245 3639 1429 3700 Philetaero
1460 3641 1533 3702 Vct.

258 3742 357 3802 Cohn.
383 3741 443 3800 Rh.
469 3741 549 3799 Mus.
575 3755 604 3813 p.
629 3741 694 3798 414
726 3744 766 3808 (a.
795 3739 907 3805 1888t:
940 3737 972 3796 τὸ
1003 3737 1198 3817 ἀγοράσαι
1229 3737 1266 3799 οὐ
1290 3738 1385 3813 μόνον
1408 3738 1455 3800 lul
1478 3751 1533 3802 τοῦ

258 3842 288 3901 ἕν
313 3841 407 3923 ἀγορᾷ
431 3841 584 3916 διατρῖψαι
610 3837 682 3897 ἀλλὰ
706 3840 848 3915 συνήθως
872 3835 957 3915 ἡμῖν’

1034 3941 1146 4002 οὐκοῦν
1170 3940 1316 4022 ἀγοράσαι

411 4044 464 4123 χρὴ
488 4042 530 4103 νὼ
556 4041 625 4119 πρὶν
652 4039 781 4100 ἀπιέναι.

256 4154 288 4208 et
312 4148 454 4223 λεκάνη
479 4145 528 4205 διὰ
552 4153 604 4204 τοῦ
629 4155 653 4202 ε”

409 4249 510 4326 βούλει
534 4247 644 4321 κομίσω
669 4261 716 4303 σοι
740 4242 794 4320 τὴν
817 4244 964 4321 λεκανήνς

211 4355 259 4412 Fr.
286 4355 360 4427 336,
387 4357 415 4411 τ’).
438 4350 575 4428 πραόνως
596 4351 685 4408 recto
697 4347 744 4406 Bl.
758 4363 814 4421 pro
835 4344 959 4423 πραέως.
977 4381 1013 4389 -
1030 4348 1083 4407 Vs.
1097 4350 1127 4407 9.
1149 4349 1309 4408 Neutrum
1323 4365 1427 4423 genus
1441 4351 1531 4410 vocis

253 4455 354 4524 σκότος
375 4455 453 4512 iacit
470 4467 526 4526 pro
546 4449 711 4509 sententia
728 4462 831 4507 novae
845 4449 1031 4508 comoediae
1044 4449 1104 4508 hoc
1117 4450 1338 4523 fragmentum
1360 4451 1529 4525 assignan-

252 4557 329 4614 dum
359 4570 448 4628 esse,
481 4553 633 4624 quoniam
664 4551 696 4609 in
721 4553 844 4624 vetere,
870 4554 906 4608 ut
929 4551 1013 4622 apud
1039 4553 1194 4625 tragicos,
1220 4554 1271 4610 est
1294 4551 1528 4613 masculinum.

208 4658 257 4716 Fr.
283 4658 346 4715 337
372 4663 412 4729 (p.
438 4655 522 4720 470).
562 4653 629 4724 „Fx
665 4651 832 4710 comoedia
867 4652 947 4710 haec
981 4656 1137 4724 excerpta
1172 4667 1245 4711 esse
1278 4653 1445 4713 sententia
1476 4658 1529 4714 est

252 4761 288 4817 Α.
314 4757 449 4816 Nauckii
482 4756 566 4814 etc.‘’
599 4753 711 4813 scribit
742 4753 842 4812 Koclr.
878 4752 1099 4812 Dubitabundl
1131 4757 1254 4814 tamen.
1287 4753 1358 4813 vid.
1390 4754 1527 4814 Nauclrii

253 4860 323 4917 ner.
352 4859 390 4915 rr
417 4875 445 4931 ρ.
475 4861 545 4914 ne.
