3502 5512
841 369 903 429 198

209 552 381 634 1111111130Ιί
405 555 443 615 fr.
471 558 497 631 1,
528 558 554 616 1.
580 553 716 633 τέτταρας
743 560 903 617 (θεῖναι.)
931 553 1073 632 τραπέζας
1093 555 1141 616 Β1.
1163 555 1279 616 Melius
1298 560 1396 615 ποιεῖν
1414 556 1534 615 Inserit

254 655 410 716 Mainake.
441 655 487 717 Cf.
512 656 730 730 τραπεζοποιὸς.
752 691 791 700 -
813 658 868 718 VS.
889 660 918 717 3.
944 657 1091 732 βούλομαι
1113 655 1170 734 γὰρ
1193 656 1241 717 ΒΙ.
1265 656 1353 716 Nihil
1376 672 1469 731 opus.
1490 689 1531 699 -

255 756 310 817 Vs.
335 757 365 817 4.
397 755 487 828 αὐτὸς
515 756 645 834 σούξερο
670 759 771 834 idem,
797 760 854 819 sed
879 760 975 833 longe
998 759 1213 835 praeferenda
1235 758 1357 819 tradita
1379 757 1476 818 lectio
1500 760 1536 817 et

253 873 388 931 prorsus
408 858 533 918 inutilis
553 861 604 919 cst
623 859 772 920 eiusdem
792 861 980 920 coniectura
999 861 1101 936 λαβεῖν
1117 876 1174 935 pro
1187 857 1258 938 γένη
1273 876 1320 920 vs.
1335 861 1365 920 5.
1377 859 1482 919 -Vs
1500 861 1532 918 8.

253 951 300 1040 ᾤ’,
322 955 451 1034 ἄμητας,
474 969 609 1035 σῳσαμᾶς
634 960 732 1021 idem.
757 961 827 1021 Non
852 961 980 1022 accedo.
1000 994 1034 1002 -
1056 961 1112 1021 VS.
1141 962 1191 1022 19.
1216 958 1363 1037 ἐπαίρειν,
1385 960 1456 1021 scil.
1476 959 1534 1035 τὴν

253 1065 346 1137 χεῖρα,
369 1061 450 1121 bene
474 1062 719 1136 interpretatur,
744 1062 816 1123 coll.
841 1063 896 1122 Ar.
921 1063 976 1138 Eq.
1004 1064 1099 1138 1130,
1134 1062 1187 1121 ubi
1219 1065 1270 1123 est
1294 1062 1429 1122 verbum
1453 1061 1533 1121 sim·

255 1161 340 1234 plex.
372 1160 418 1220 Os.
451 1163 553 1221 etiam
585 1163 723 1236 Lysistr.
757 1164 820 1222 799
853 1161 1028 1234 κάνατείνας
1052 1164 1187 1222 λακτίσαι
1211 1167 1244 1224 et
1267 1162 1386 1223 Herod.
1411 1162 1442 1221 II
1467 1165 1533 1223 162

254 1263 292 1322 de
324 1262 488 1336 Gambyze
511 1260 622 1341 ἐπάρας
654 1265 733 1334 (scil.
759 1264 810 1324 τὸν
834 1262 932 1343 ἕτερον
956 1265 1047 1335 πόδα)
1071 1263 1265 1343 ἀπεματάισε,
1289 1264 1389 1324 verba
1411 1262 1535 1323 iniuria

253 1364 434 1423 sollicitata
457 1380 477 1423 a
499 1364 630 1426 Cobeto.

208 1511 431 1593 Thugsnidis
455 1514 493 1574 fr.
519 1517 548 1574 2.
573 1514 635 1575 Ost.
660 1516 707 1577 Bl.
732 1518 787 1577 Ar.
813 1518 897 1577 Plut.
923 1519 997 1592 983,
1031 1517 1111 1577 locis
1139 1516 1287 1577 collectis
1307 1532 1326 1577 a
1346 1516 1468 1577 Kockio
1494 1517 1534 1576 de

253 1617 422 1691 proverbio
448 1618 480 1676 in
505 1618 544 1677 fr.
570 1621 588 1676 4
614 1618 739 1678 addens
763 1620 966 1679 Aristaeneti
991 1634 1040 1693 ep.
1065 1619 1155 1678 lar.

209 1763 360 1847 Callippl
385 1766 423 1825 fr.
453 1768 479 1840 l,
507 1768 525 1824 2
551 1767 598 1826 Β1.
631 1767 726 1826 Add.
759 1784 788 1842 p.
816 1769 880 1827 343
916 1765 951 1825 τὰ
986 1765 1126 1843 κοττάβια
1161 1768 1239 1836 limo
1274 1767 1439 1843 κοτταβεῖα)
1475 1775 1536 1825 τῶν

252 1875 414 1944 παρουσῶν
439 1861 466 1924 ‹l'
494 1861 547 1936 (θ’)
573 1861 697 1942 ἥν<τιν’
723 1863 790 1929 ἂν)
816 1864 820 1947 Ι
841 1865 916 1950 θέλῃ
946 1872 1034 1938 (cum
1059 1867 1231 1936 Meinekiol
1254 1867 1384 1944 φιλήσει.
1408 1868 1472 1928 Sed
1498 1865 1535 1926 τὰ

252 1966 391 2043 κοττάβια
415 1969 492 2042 quin
517 1973 605 2029 recte
630 1984 686 2043 pro
710 1969 911 2043 glossemate
935 1970 1055 2029 haheat
1079 1969 1170 2029 Kock
1194 1984 1259 2029 non
1286 1969 1412 2043 dubito,
1439 1969 1536 2029 cuius

254 2068 348 2128 valde
373 2070 495 2129 arridet
519 2070 601 2128 mihi
625 2071 824 2129 coniectura.

212 2214 357 2297 Grobyli
381 2220 419 2279 fr.
445 2222 475 2278 4.
925 2219 1043 2276 πάλιν
1066 2214 1085 2295 ἡ
1110 2226 1162 2278 τοῦ
1185 2219 1255 2295 βίον

600 2318 728 2398 ὑγρότης
752 2341 786 2394 με
810 2327 863 2378 τοῦ
889 2328 944 2378 σοῦ
968 2316 1147 2395 τέθαιφε.

256 2422 338 2496 Quia
373 2422 550 2481 manifesto
585 2422 688 2481 falsae
725 2424 803 2481 sunt
834 2422 1039 2482 coniecturae
1070 2419 1210 2496 τέτυφε
1244 2421 1376 2494 (Mein),
1412 2417 1538 2496 τέθλιφε

255 2524 403 2595 (Herm),
435 2520 548 2594 τέτροφε
572 2522 644 2591 (Bl.)
675 2526 710 2582 et
733 2539 774 2583 ex
798 2524 961 2583 Athenaei
985 2523 1093 2583 verbis
1117 2525 1253 2598 apparet
1275 2536 1350 2582 eum
1375 2522 1429 2595 qui
1454 2522 1539 2582 hacc

257 2625 399 2697 loquitur
430 2623 567 2682 alterius
595 2639 752 2697 personae
783 2625 950 2684 licentiam
976 2625 1195 2698 admirari,
1221 2623 1423 2683 redeundum
1447 2623 1536 2682 vide·

257 2729 309 2784 tur
341 2725 380 2784 ad
412 2724 598 2784 (lasauboni
620 2726 835 2800 sententiam,
861 2725 1036 2799 Crobylum
1062 2725 1191 2786 dedisse
1215 2722 1367 2798 τέτοφε,
1390 2724 1537 2799 rapuit

257 2828 296 2886 in
321 2826 663 2899 admirationem,
690 2840 785 2885 usum
811 2827 954 2900 perfecto
974 2827 1149 2886 transitivo
1169 2826 1383 2899 quantumvis
1402 2824 1538 2886 insolito

257 2928 349 2987 iuxta
390 2927 600 2986 intransitive
642 2924 773 3002 τὲοῳτυ,
813 2928 897 3001 quod
933 2926 1069 2987 verbum
1106 2928 1233 3001 epicum
1269 2928 1469 2987 recoxerunt
1503 2926 1538 2986 in

256 3027 365 3087 soluta
399 3028 545 3087 oratione
581 3028 760 3100 aequiores.
797 3028 943 3087 Primum
975 3027 1171 3087 vocabulum
1203 3027 1314 3102 procul
1346 3027 1443 3087 dubio
1474 3028 1539 3087 fuit

258 3129 360 3205 κάλοι,
388 3129 445 3189 sed
476 3132 586 3188 utrum
610 3129 702 3185 κάλοι
726 3128 743 3184 l
779 3129 1009 3202 corrigendum
1033 3129 1077 3188 sit
1101 3144 1177 3188 cum
1201 3129 1333 3204 Bothio,
1358 3144 1399 3187 an
1425 3131 1537 3202 pouus

258 3225 394 3309 κοίλοιο
423 3244 486 3288 non
511 3229 622 3301 liquet.

214 3331 237 3389 F
241 3348 265 3390 r.
293 3334 322 3390 5.
436 3329 548 3406 Λάχης.
574 3332 604 3386 Β.
629 3328 699 3407 ἐγὼ
724 3331 741 3387 (1
751 3326 764 3389 ὲ
787 3329 861 3403 πρὸς
884 3327 924 3388 σε’.
951 3335 989 3397 A,
1011 3331 1130 3408 πρόαγε.
1156 3333 1188 3387 Β.
1212 3335 1279 3400 κοῖς

258 3432 371 3505 Recte,
397 3432 430 3490 ni
449 3430 554 3505 fallor,
579 3430 757 3491 Headlam:

436 3530 553 3608 Λάχης,
576 3529 645 3609 ἐγὼ
670 3531 714 3608 δὴ
738 3535 796 3592 aut
819 3530 889 3610 ἐγὼ
915 3531 994 3603 ὅδε,
1018 3535 1055 3592 ut
1079 3532 1222 3593 Herond.
1247 3532 1261 3590 l
1286 3535 1315 3592 3.

258 3632 319 3692 Ost.
345 3632 449 3692 Plaut.
475 3633 571 3693 Poen.
594 3634 672 3707 2793
698 3635 829 3694 Mercat.
858 3636 930 3694 131.
956 3635 1006 3693 lta
1030 3649 1093 3694 non
1117 3649 1199 3708 opus
1222 3637 1273 3693 est
1297 3629 1450 3693 lacunam
1471 3638 1537 3694 sla·

258 3739 349 3793 tuere
374 3750 448 3792 cum
473 3734 633 3793 Meinekio
658 3738 736 3794 ante
760 3735 873 3811 Λάχης.

217 3838 264 3894 Fr.
291 3842 320 3905 ο,
347 3839 374 3892 a.
401 3835 448 3892 Bl.
474 3836 644 3908 transponi
671 3835 777 3894 iubet:

526 3940 634 4010 ταύτης
660 3934 728 4013 ἐγὼ
753 3935 792 4011 μὰ
818 3936 868 3993 τὸν
894 3931 941 3992 Δί’
970 3934 1034 4012 οὐχὶ
1060 3934 1218 3992 κατέλιπον

527 4033 624 4093 οὐδέν.

260 4143 339 4215 *poia
372 4155 446 4197 vero
479 4140 638 4197 Athenaei
672 4140 739 4197 cod.
771 4145 793 4194 ,1
819 4139 915 4197 habet
941 4137 1026 4213 lipsa,
1052 4144 1084 4197 et
1108 4138 1343 4211 particularum
1370 4137 1401 4195 στ’
1425 4144 1458 4198 et
1481 4140 1538 4215 γάρ

259 4246 288 4300 ln
327 4241 504 4314 posteriore
538 4241 721 4298 sententiae
765 4244 856 4312 parte
893 4240 1010 4312 positio
1047 4239 1281 4300 recentioribus
1317 4241 1450 4300 comicis
1487 4246 1537 4301 est

259 4342 531 4414 familiarissima,
558 4341 662 4399 tutius
686 4356 760 4399 cum
781 4341 904 4400 Kockio
924 4356 1100 4414 sequemur
1128 4339 1328 4399 Dindorllum
1354 4338 1424 4417 ἐγὼ,
1447 4358 1536 4410 prae·

261 4446 367 4519 posita
390 4443 507 4502 vocula
531 4437 572 4515 δ’,
594 4442 835 4514 relinquentem
860 4446 934 4515 post
958 4439 1123 4500 κατέλιπον.

217 4549 267 4605 llr.
293 4548 322 4616 9,
348 4547 377 4603 3.
410 4544 544 4619 πιθήκου
571 4577 609 4585 —-
635 4544 815 4619 δυστυχοῦς,
850 4544 1068 4602 simiae-
1094 4542 1307 4617 misellae,
1340 4559 1403 4616 quo
1435 4560 1537 4605 sensu

258 4647 334 4705 alibi
367 4647 496 4719 ponitur
520 4645 674 4720 δύστηνος.
700 4645 770 4704 Non
794 4645 912 4705 haereo
938 4660 1013 4703 cum
1037 4644 1085 4705 Β1.
1111 4645 1144 4702 in
1168 4645 1348 4720 ὸοστυχοῦς,
1371 4645 1428 4704 sed
1452 4645 1537 4720 frag·

261 4752 410 4807 mentum
436 4763 499 4807 non
523 4748 630 4820 magis
655 4747 809 4821 intellego
834 4762 931 4820 quam
957 4746 1058 4806 Kock.

217 4897 350 4963 Nicolai
381 4899 419 4958 fr.
448 4901 461 4956 1
489 4915 536 4971 sq.
564 4900 625 4958 Pro
650 4895 779 4981 ἀκουσίῳ
802 4893 805 4978 l
827 4896 924 4980 δίφρῳ
955 4895 1118 4970 quondam
1143 4896 1296 4971 proposui
1325 4892 1442 4980 ἐξαισίῳ
1462 4896 1537 4982 ὁίνῳ
