3502 5512
878 341 941 403 184

293 541 367 588 care
400 542 466 589 non
496 541 681 602 monerem,
713 526 777 587 nisi
812 527 960 588 viderem
983 528 1031 590 Bl.
1063 545 1242 606 proponere
1276 525 1389 605 ἑστίαν,
1419 542 1477 603 pro
1507 540 1571 600 quo

292 628 413 689 saltem
442 624 573 687 ἑστίασιν
603 627 833 701 requireretur.
868 628 977 689 Etiam
1011 629 1045 689 in
1079 645 1129 691 vs.
1161 630 1181 689 2
1216 628 1460 705 ἐπαναπλάττων,
1492 627 1571 687 licet

292 729 379 790 idem
403 745 468 791 non
491 728 676 805 intellegat,
701 728 777 803 quid
801 728 863 788 sibi
887 729 967 790 velit
990 730 1073 791 satis
1097 730 1223 792 clarum
1249 747 1322 792 esse
1345 730 1495 792 arbitror.

248 829 300 890 Fr.
324 833 354 905 9,
379 831 409 891 2.
434 828 619 899 ἀπέκτανείν)
643 828 715 905 1οςε
740 844 814 890 cum
838 830 887 890 Bi.
919 830 1067 892 Perfecto
1091 828 1264 901 (κάπέκτυνε
1288 831 1389 902 Koclr)
1412 830 1568 891 indicare·

293 933 347 991 tur
376 931 576 1006 Meleagrum
599 930 706 991 adhuc
730 930 854 1007 vivere,
879 932 964 1005 quod
988 931 1181 1009 absurdum,
1210 936 1245 995 et
1267 933 1409 994 traditur
1431 931 1571 1005 κάκτανε,

291 1031 349 1092 sed
373 1032 430 1092 vix
453 1035 540 1093 recte
559 1031 607 1092 Bi.
627 1031 711 1092 ὕειον
734 1034 809 1106 post
830 1031 1029 1094 Lobeckium
1054 1036 1087 1095 et
1109 1034 1292 1095 Nauckium
1315 1033 1466 1109 requirit,
1490 1046 1569 1092 nam

291 1129 393 1192 ὑεκκίν
427 1135 556 1207 praeter
590 1132 883 1207 grammaticorum
919 1134 1112 1195 testimonia
1145 1137 1258 1196 tuetur
1287 1134 1427 1208 analoga
1463 1133 1570 1193 forma

291 1232 417 1312 βυεικός.
445 1232 566 1295 contra
589 1229 689 1310 ὀρικός
712 1233 905 1308 plerumque
928 1235 1071 1295 traditur
1093 1251 1151 1310 pro
1175 1231 1302 1315 ὀρεικίς,
1330 1235 1415 1309 quod
1438 1234 1571 1310 propter

291 1334 454 1409 originem
482 1351 500 1396 e
529 1335 638 1397 radice
669 1334 719 1411 o'q}
748 1335 878 1395 videtur
908 1337 1144 1397 necessarium.
1175 1370 1207 1380 -
1235 1337 1372 1398 Temere
1396 1336 1485 1397 idem
1507 1332 1570 1394 sol·

294 1425 475 1486 licitatus.
502 1427 530 1485 1.

249 1570 396 1639 iliodori
419 1574 458 1635 ir.
485 1577 513 1635 i.
544 1573 669 1634 Iniuria
698 1572 746 1634 Bl.
771 1577 904 1635 revocat
928 1574 1001 1658 πίνγ
1032 1576 1205 1646 (Naekium
1229 1592 1304 1638 cum
1327 1573 1475 1635 Naucldo
1498 1587 1570 1633 con·

290 1674 456 1751 lundens),
492 1675 616 1748 reliqua
650 1674 738 1735 male
771 1676 917 1736 tentans.
960 1676 1157 1738 Rectissime
1191 1677 1300 1739 locum
1335 1675 1573 1749 interpretatur

292 1775 398 1851 Koclr,
430 1775 486 1850 qui
509 1775 614 1850 locus,
646 1774 795 1836 admissa
829 1776 1031 1837 correctione
1065 1793 1142 1839 mea
1174 1777 1271 1838 πίνων
1301 1775 1333 1836 τὸ
1363 1773 1471 1836 λοιπὸν
1501 1773 1572 1845 τοὺς

292 1876 451 1957 λυγισμοὺς
475 1874 581 1953 ἐξεμεῖ,
610 1878 662 1936 est
685 1876 896 1937 sanissimus.
915 1911 955 1921 -
976 1877 1032 1939 Vs.
1060 1880 1088 1940 1.
1119 1876 1166 1939 ἀεί
1184 1912 1228 1922 -
1252 1875 1407 1956 ἐνδελεχῶς
1429 1878 1468 1938 ut
1491 1871 1572 1934 ἐνδε-

292 1982 381 2056 λεχῶς
402 2012 443 2022 -
463 1975 509 2038 ἀεί
532 1977 683 2039 Menaud.
709 1978 784 2053 521,
810 1978 829 2037 3
854 1978 936 2048 (Bi).

250 2080 301 2141 Fr.
327 2081 357 2157 2,
382 2080 413 2141 8.
549 2075 615 2156 οὐχλ
639 2077 794 2156 διακρίνας
818 2076 872 2155 τὴν
895 2077 1037 2159 πενιχρὰν
1060 2077 1080 2159 ἢ
1103 2080 1259 2141 πλουσίαν.

293 2181 342 2241 Bl.
366 2178 416 2240 καλ
438 2178 586 2241 πλουσίαν
610 2179 763 2255 coniecit,
784 2178 842 2240 sed
861 2179 909 2241 ita
927 2196 1054 2255 quoque
1074 2181 1196 2257 duplici
1215 2197 1296 2257 opus
1315 2181 1400 2242 ioret
1416 2179 1571 2255 articulo,

294 2298 394 2357 quare
428 2282 544 2343 malim
577 2279 615 2358 δὴ
646 2296 704 2356 pro
727 2278 797 2357 τὴν,
828 2296 891 2354 quo
922 2281 1009 2342 iacto
1032 2278 1052 2360 ll
1076 2283 1203 2344 servari
1225 2285 1345 2358 potest.
1368 2315 1412 2323 —
1436 2280 1492 2342 Vs.
1520 2282 1571 2341 ll.

294 2384 386 2445 Idem
418 2398 551 2444 mecum
581 2378 767 2453 κατακλινεὶς
794 2379 915 2444 <καλ>.
948 2416 988 2426 -
1013 2383 1068 2443 Vs.
1094 2384 1146 2444 30.
1179 2384 1317 2445 Temere
1346 2383 1395 2443 Bl.
1422 2387 1519 2454 καλῶς
1543 2403 1573 2442 τε

294 2483 459 2565 γεγονότας.
500 2484 631 2560 Optime
660 2499 697 2545 se
725 2483 825 2544 habet
855 2482 1007 2559 vulgata,
1040 2487 1248 2559 opponuntur
1271 2485 1360 2545 enim
1383 2481 1575 2544 hominibus

293 2586 380 2661 frugi
398 2589 471 2657 (τοῖς
489 2590 586 2657 καλῶς
606 2583 777 2664 βεβιωκόσι)
796 2584 949 2645 homines
967 2600 1110 2659 nequam
1130 2588 1164 2645 et
1184 2585 1382 2646 adulatores.
1398 2618 1437 2628 —
1451 2583 1507 2644 Vs.
1529 2585 1572 2644 35

294 2689 328 2747 et
352 2687 395 2745 38
419 2687 506 2747 recte
530 2702 567 2746 se
590 2685 726 2761 habent,
752 2686 789 2744 ut
812 2684 986 2745 constituit
1004 2685 1109 2761 Kock,
1134 2685 1221 2746 male
1240 2686 1487 2761 impugnatusa
1510 2683 1573 2759 Bl,

293 2788 348 2861 qui
371 2802 542 2863 perperam
567 2801 617 2847 νε.
641 2787 683 2846 37
708 2779 810 2861 ἔφασκ’
837 2785 871 2844 et
893 2800 942 2845 νε.
967 2786 1010 2845 39
1034 2779 1122 2844 ἐδεῖθ’
1149 2786 1294 2861 requirit.
1315 2820 1357 2828 —
1380 2785 1437 2846 Vs.
1462 2787 1515 2846 41.

539 2885 590 2946 διὰ
612 2885 682 2958 τοὺς
705 2885 861 2957 τοιούτους
884 2884 953 2957 τοὺς
977 2882 1107 2964 ἀσελγῶς
1129 2883 1301 2965 χρωμένους

538 2986 571 3048 τὸ
594 2986 691 3065 τίμιον
714 2985 780 3047 καλ
803 2986 842 3047 τὸ
864 2986 985 3047 καλὸν
1008 2987 1130 3069 αἰσχρόν
1154 2986 1213 3049 ἔστι
1237 2997 1304 3049 νῦν.

292 3088 325 3150 τὸ
359 3089 458 3167 τίμιον
487 3086 538 3148 καλ
568 3086 600 3149 τὸ
630 3088 722 3149 καλὸν
753 3091 805 3149 est
834 3089 974 3165 parasiti
1005 3090 1074 3149 vita
1103 3089 1184 3151 olim
1215 3088 1405 3167 honorifica,
1438 3090 1478 3151 de
1509 3106 1574 3164 qua

293 3209 343 3254 νε.
369 3194 411 3253 20
435 3192 582 3253 dixerat:

537 3283 576 3369 ἦν
599 3290 631 3352 τὸ
655 3283 760 3370 πρᾶγμ’
788 3287 953 3362 ἔνδοξον
977 3287 1024 3350 ἀεὶ
1046 3289 1110 3350 ιιαλ
1133 3291 1268 3370 καλόν,

293 3396 351 3457 sed
375 3397 410 3456 ut
435 3394 516 3471 illic,
544 3394 597 3454 hic
620 3394 690 3455 iure
713 3395 908 3468 expectatur
931 3407 1017 3453 unus
1038 3393 1210 3470 articulus,
1236 3410 1336 3469 quare
1358 3395 1476 3456 malim
1499 3397 1572 3455 aut:

537 3494 569 3555 τὸ
592 3493 690 3572 τίμιον
713 3493 806 3553 καλόν
829 3487 849 3552 τ’
876 3490 912 3552 ὃν
935 3491 1058 3572 αἰσχρόν
1078 3490 1137 3553 ἔστι
1160 3503 1227 3554 νῦν.

293 3600 367 3659 aut:
392 3593 409 3658 ὃ
433 3596 531 3674 τίμιον
554 3594 647 3656 καλόν
670 3588 691 3654 τ’
717 3585 772 3673 ἦν,
794 3592 918 3673 αἰσχρόν
941 3591 1003 3653 έστί
1024 3602 1091 3654 νῦν.

249 3758 413 3841 Dionysii
444 3761 483 3821 fr.
516 3762 545 3836 2,
572 3763 601 3821 5.
630 3760 679 3821 Bl.
711 3757 832 3841 έπιζητῇ
863 3757 916 3818 vel
948 3754 1105 3840 ἔρευνήσγ.
1136 3792 1175 3802 -
1200 3757 1256 3819 Vs.
1284 3760 1334 3818 l4.
1362 3752 1441 3838 (λέγ’
1469 3758 1574 3838 ἅτερος

292 3861 391 3922 idem.
417 3895 458 3906 -
479 3861 535 3922 Va.
559 3863 610 3921 19.
629 3860 720 3920 πάλιν
743 3860 934 3934 suspectum
958 3858 1065 3918 habet.
1090 3856 1179 3918 Cur?
1203 3892 1243 3903 —
1264 3858 1320 3920 Vs.
1346 3860 1399 3920 24.
1423 3857 1575 3939 γέγραφεν

292 3965 380 4023 recte
411 3965 546 4023 revocat
572 3962 694 4023 Nauck.
720 3995 761 4005 -
785 3961 841 4020 Vs.
857 3961 898 4019 29
923 3960 1073 4034 spurium
1097 3958 1187 4020 ducit
1208 3960 1257 4020 Bi.
1279 3993 1319 4004 -
1340 3960 1397 4021 Vs.
1422 3962 1475 4022 32.
1500 3958 1576 4021 οὐδὲ

291 4064 399 4141 κύριον
423 4064 521 4125 idem.
549 4098 588 4108 —
614 4065 669 4124 Vs.
694 4064 747 4123 34.
773 4063 897 4122 Iniuria
920 4062 1031 4122 tuetur
1053 4058 1165 4138 τέχνης.
1189 4095 1228 4104 --
1255 4062 1311 4122 Vs.
1336 4063 1390 4123 43.
1413 4061 1576 4140 θαυμάσαι

291 4167 390 4235 (iusto
422 4164 562 4226 debilius
591 4165 742 4239 verbum)
772 4163 924 4238 proponit
953 4163 1052 4222 idom.
1083 4160 1164 4237 Quid
1188 4161 1291 4223 lateat
1320 4160 1453 4224 difficile
1484 4164 1577 4225 dictu

292 4271 354 4328 est.
380 4301 419 4310 —
444 4267 500 4327 Vs.
532 4267 585 4326 42.
620 4263 670 4324 καί
700 4264 825 4335 ναυτίας
858 4263 988 4325 inutilis
1019 4264 1168 4324 eiusdem
1198 4266 1250 4324 est
1280 4265 1468 4325 coniectura
1498 4269 1576 4340 post

292 4369 465 4429 Fritzschii
488 4369 673 4428 inventum.

248 4471 299 4531 Fr.
324 4471 354 4531 3.
385 4470 431 4530 De
463 4485 641 4544 coquorum
671 4469 769 4529 furtis
794 4468 833 4528 cf.
858 4467 966 4527 Plauti
992 4467 1023 4537 (i.
1048 4482 1076 4527 e.
1101 4465 1314 4536 Philemonis)
1338 4467 1499 4529 Mercator
1522 4485 1574 4532 vs.

292 4575 355 4634 741
381 4589 451 4647 sqq.
477 4607 518 4617 -
542 4572 598 4632 Vs.
626 4572 676 4631 10.
702 4568 908 4631 coniecturis
930 4565 1079 4651 ἐκπλύνγγς
1103 4569 1195 4629 addit
1216 4567 1265 4627 Bl.
1292 4602 1332 4611 —
1358 4568 1414 4629 Vs.
1442 4570 1500 4629 12:

514 4671 672 4753 ἐξαιρέσεις
695 4668 744 4729 καλ
767 4667 858 4729 τᾶλλα
882 4664 1038 4729 τάκόλουθ’
1065 4667 1120 4728 ὅσα

515 4769 574 4836 οὔτ’
600 4769 733 4853 ἀριθμὸν
757 4764 814 4831 οὔτ’
842 4768 959 4849 ἔλεγχον
984 4764 1026 4845 ἐφ’
1053 4763 1114 4845 (ἀφ’
1140 4770 1222 4839 Bl.?)
1245 4766 1360 4830 ἑαυτῶν
1384 4769 1455 4849 ἔχει,

516 4873 736 4955 περικόμματος
760 4868 793 4932 δέ
816 4870 899 4944 τάξιν
922 4867 942 4949 ἢ
965 4867 1082 4930 θέσιν
1104 4867 1196 4950 φέρει.

114 5046 118 5053 .

115 5056 125 5069 ¹·
219 5066 227 5073 .
245 5068 265 5077 ,.

87 5042 338 5183 h.
