3502 5512
835 367 936 431 79·

239 557 309 619 ueri
332 556 505 620 simillima
536 557 676 618 videtur.
709 556 761 617 Ita
787 572 915 631 quoque
938 556 1061 618 iudicat
1083 556 1145 633 Bi,
1178 556 1232 630 qui
1255 558 1425 632 praeterea
1447 553 1519 619 sine

240 675 341 722 causa
364 661 473 721 teniat
495 656 570 739 πρὸς
593 654 775 736 τετμημένου
795 656 800 736 Ι
822 656 919 737 μέρος.

196 761 248 822 Fr.
273 763 325 822 72.
643 757 771 837 ἐντεμὼν
794 759 904 839 χορδης
928 763 1062 838 μεσαῖον.

238 862 380 938 Blaydes
403 861 557 923 dubitans
579 864 692 923 utrum
716 860 804 939 τόμος
829 877 871 922 an
889 858 1012 939 τέμαχος
1031 861 1252 936 supplendum
1271 862 1325 938 sit,
1346 877 1410 922 non
1433 864 1517 924 vide·

238 966 291 1025 tur
314 963 510 1025 observasse
533 964 572 1024 de
599 963 745 1040 piscibus
765 966 959 1025 constanter
978 959 1101 1042 τλμαχος
1122 968 1193 1032 (nos
1215 966 1338 1034 moot)
1359 964 1517 1041 adhiberi,

239 1065 278 1126 de
302 1081 388 1141 pane
415 1080 506 1141 vero,
531 1065 697 1142 placenta,
723 1065 908 1142 sarcimine,
937 1064 1166 1138 similibusque
1196 1064 1309 1125 eadem
1334 1067 1520 1127 constantia

238 1165 326 1243 τόμος
357 1167 515 1238 (snede).
548 1167 609 1227 Hic
640 1167 742 1243 igitur
771 1167 960 1228 necessario
991 1167 1190 1227 audiendum
1215 1170 1266 1229 est
1289 1170 1347 1228 aut
1369 1168 1518 1243 supplen-

240 1269 317 1329 dum
348 1265 483 1346 τέμαχος,
511 1271 548 1329 ut
577 1285 609 1328 v.
634 1284 660 1329 c.
684 1270 740 1329 Ar.
761 1269 816 1343 aq.
845 1269 940 1330 1179.
968 1270 1064 1329 1190.
1096 1268 1232 1344 Saepius
1263 1269 1347 1345 apud
1375 1270 1519 1330 comicos

239 1385 407 1431 occurrere
430 1366 572 1441 ἀλλᾶντος
595 1375 690 1442 (των)
714 1369 802 1448 τόμος
827 1375 912 1449 (μοι)
937 1371 1065 1433 docebit
1088 1370 1209 1431 iacobii
1232 1371 1344 1431 index.

197 1472 249 1533 Fr.
274 1473 327 1549 74,
352 1473 382 1534 7.
852 1476 889 1531 A.
913 1469 968 1545 ἔξω
991 1495 1035 1544 τις
1058 1471 1134 1532 δότω

484 1571 592 1651 ἱμάντα
614 1570 723 1653 ταχέως
746 1566 841 1633 οἷον.
867 1576 905 1632 Π.
930 1571 986 1634 οὐκ
1009 1570 1104 1654 ἔγνων
1127 1572 1228 1645 ἴσως.

484 1673 620 1735 ἔπειτα
643 1683 730 1735 τοῦτο
754 1677 869 1751 ζημιοῖς
892 1696 944 1752 μσς
967 1674 1113 1752 μηδαμῶς
1137 1672 1192 1733 art.

239 1777 370 1852 Optime
393 1777 554 1838 Headlam
578 1779 766 1853 paedagogo
791 1777 991 1851 Ganymedis
1014 1777 1129 1838 tribuit
1152 1767 1231 1853 οἷον,
1262 1778 1320 1838 sed
1344 1778 1445 1838 etiam
1470 1780 1517 1840 sio

238 1893 340 1940 sensu
364 1894 497 1942 cassum
521 1879 652 1940 videtur
675 1878 754 1951 ἴσως.
778 1878 948 1954 suspicor:

862 1977 917 2052 ἔξω
941 2002 984 2051 τις
1008 1978 1083 2039 δότω

484 2080 592 2159 ἱμάντα
614 2079 731 2160 ταχέως.
757 2083 795 2140 Π.
820 2072 886 2141 οἷον
909 2079 965 2142 οὐκ
989 2078 1085 2160 ἔγνων
1108 2079 1242 2159 τάλας,

484 2181 584 2244 ἔπειτα
606 2181 662 2243 ιιτὲ.

239 2284 410 2347 Sententia
426 2287 490 2346 est:
514 2285 624 2362 ,Quod
637 2285 731 2360 quale
744 2301 841 2361 rogas
853 2301 907 2346 me
919 2286 1144 2360 aenigmanon
1157 2286 1242 2346 solvi
1256 2286 1366 2363 miser,
1380 2288 1518 2348 hancine

239 2388 321 2447 mihi
353 2387 494 2448 multam
525 2387 692 2463 imponis?
725 2388 844 2449 Facere
874 2388 982 2448 nolil”
1014 2379 1191 2447 oiov=iin
1222 2395 1338 2448 τοιοῦτο
1368 2389 1449 2459 (scil.
1481 2384 1517 2449 ὃν
1560 2429 1567 2443 .

239 2486 414 2567 προβάλλεις
437 2509 488 2565 μοι
510 2493 635 2568 γρῖφον,
656 2485 733 2559 att).
760 2488 821 2549 sed
844 2490 986 2550 fortasse
1008 2491 1172 2564 praestat:

817 2584 883 2653 οἷον
906 2590 962 2653 οὐκ
985 2589 1137 2672 ἔγνωκά
1159 2612 1251 2668 τιως,

485 2685 570 2752 εἶτα
594 2691 659 2753 διὰ
681 2702 768 2755 τοῦτο
791 2694 906 2773 ζημιοῖς
929 2716 980 2773 με;

241 2792 295 2855 Vs.
323 2795 373 2854 13.
398 2794 510 2856 Placet
539 2795 656 2856 Kookii
686 2798 873 2858 coniectura
902 2794 1144 2876 ἀποστρέψαντα,
1168 2812 1228 2859 neo
1251 2797 1401 2872 displicet
1424 2798 1516 2872 Blay·

240 2895 377 2956 desiana
400 2894 600 2973 συνδήσαντα.

199 2997 249 3059 Fr.
275 2998 328 3059 75.
818 3000 1030 3079 καλυψάμενος
1053 2999 1199 3085 τριβωνίῳ

485 3096 732 3179 διεπαρθένευσα.

238 3199 287 3261 Bl.
311 3197 563 3281 ἐγκαλυψάμενος.
588 3203 712 3264 Locum
736 3219 801 3264 non
825 3206 909 3266 satis
932 3204 1103 3281 intellego,
1125 3221 1182 3265 cur
1205 3205 1292 3266 enim
1317 3205 1415 3265 homo
1434 3205 1517 3266 dica·

237 3304 292 3363 tur
314 3317 351 3363 se
373 3302 514 3364 tribonio
537 3305 719 3366 involvisse
739 3306 825 3366 haud
845 3322 1013 3383 assequor,
1034 3308 1066 3367 et
1088 3307 1175 3367 male
1195 3321 1248 3367 me
1261 3307 1361 3367 habet
1372 3307 1518 3367 omissus

238 3404 409 3480 articulus,
434 3405 492 3466 sed
512 3407 658 3482 excerpti
681 3406 828 3469 brevitas
851 3407 960 3469 obstat
983 3409 1216 3469 emendationi.

194 3503 250 3566 Vs.
275 3506 327 3582 76,
353 3507 382 3568 2.
406 3506 482 3568 Iure
504 3502 610 3587 προεῖτ’
638 3508 686 3568 Bl.
712 3510 863 3570 Atticum
886 3525 951 3570 non
975 3511 1028 3569 est
1050 3504 1172 3586 aptiori.

193 3607 245 3669 Fr.
270 3609 323 3691 77,
348 3609 378 3669 3.
409 3604 576 3688 εὔφρανα
610 3606 715 3686 ὀσμαῖς
744 3611 868 3687 optime
900 3611 1047 3672 Mainake
1071 3611 1184 3672 elicuit
1207 3626 1250 3671 ex
1273 3610 1341 3671 cod.
1366 3613 1394 3671 A
1417 3614 1516 3672 Athe-

237 3711 310 3771 naei
333 3709 473 3771 lectione
496 3709 699 3793 εὐφροσύναις
724 3708 857 3789 ὀσμαῖσι,
887 3728 946 3772 nec
976 3712 1083 3772 Nabar
1107 3713 1265 3774 debuerat
1288 3728 1399 3773 serum
1425 3729 1516 3773 voca·

236 3810 349 3873 bulum
373 3809 471 3892 ὄσφρσ
495 3816 619 3875 comico
647 3817 748 3876 veteri
772 3815 956 3876 obtrudere.

193 3912 244 3974 Fr.
269 3914 322 3975 78.
347 3915 435 3975 Bene
458 3915 507 3976 Bi.
532 3915 711 3993 μαίνηται,
735 3918 768 3975 Β.
788 3915 854 3992 ναί,
872 3913 943 3993 κτλ,
966 3916 1023 3976 sed
1044 3916 1105 3975 hoc
1124 3916 1231 3991 ipsum
1252 3917 1393 3977 fortasse
1411 3916 1517 3977 voluit

237 4015 481 4076 emendationis
504 4018 626 4078 auctor.
1220 4059 1222 4063 -

193 4114 244 4176 Fr.
269 4117 322 4193 80,
347 4118 377 4178 9.
400 4120 489 4195 γελᾶν
513 4132 623 4178 meum
648 4118 784 4194 probavi
807 4118 992 4193 Blaydesio.
1008 4153 1047 4163 -
1068 4118 1124 4180 Vs.
1149 4121 1198 4180 12.
1220 4119 1332 4180 Gobeti
1352 4119 1517 4199 σιτάρκημα

237 4234 302 4279 non
333 4220 383 4279 est
414 4218 512 4279 dubia
542 4221 739 4281 emendatio.
771 4219 817 4281 Of.
849 4220 977 4281 lexicon
1009 4236 1121 4281 meum
1151 4221 1256 4297 suppl.
1288 4237 1318 4295 p.
1346 4223 1459 4285 741s.
1486 4239 1515 4283 v.

237 4319 383 4398 οιταρχία,
406 4321 460 4381 ubi
484 4321 568 4381 adde
592 4323 643 4382 PB
667 4323 742 4398 948,
771 4324 821 4382 13.

192 4422 244 4482 Fr.
277 4422 329 4497 81,
364 4423 391 4482 1.
423 4422 559 4483 Temere
590 4446 632 4495 τις
661 4440 718 4499 pro
749 4446 799 4500 μοι
830 4424 897 4498 ΒΙ.;
930 4440 989 4485 nec
1023 4425 1132 4499 magis
1167 4425 1353 4486 necessaria
1388 4425 1517 4485 videtur

236 4523 351 4584 Koclrii
387 4525 576 4585 coniectura
605 4522 794 4604 ττρσσφερέτα
826 4528 883 4586 aut
913 4525 997 4599 quod
1030 4528 1199 4599 praeterea
1229 4527 1380 4601 proponit
1402 4527 1450 4587 Bl.
1475 4548 1517 4598 τις

235 4622 356 4705 φερλτσ.
390 4625 580 4687 Subiectum
612 4627 674 4687 fuit
705 4627 738 4687 in
768 4628 981 4703 praegressis.
1014 4628 1251 4702 Fragmentum
1286 4631 1398 4688 autem
1429 4643 1515 4689 sum·

236 4729 307 4788 tum
341 4728 473 4789 ridetur
506 4742 524 4788 e
555 4729 745 4789 narratione
775 4731 845 4790 eius
884 4731 939 4804 qui
969 4729 1123 4805 loquitur,
1160 4732 1196 4789 ut
1230 4731 1339 4804 arguit
1373 4732 1517 4792 aoristus

236 4845 284 4891 vs.
310 4832 329 4890 2
354 4827 528 4908 ἐνεχεάμην,
559 4830 838 4905 quemadmodum
871 4832 954 4892 bene
977 4847 1034 4906 pro
1058 4829 1220 4909 ἐνεχεάμην
1247 4833 1391 4892 correxit
1414 4832 1515 4893 Kock.

235 4930 301 4992 Nec
325 4932 419 4993 video
440 4948 498 4992 our
515 4933 636 4994 ibidem
653 4950 711 5010 pro
730 4931 796 5012 οὐχὶ
815 4935 921 5017 παιδιᾷ
941 4937 1040 5005 (recte
1060 4935 1157 5004 idem)
1176 4933 1225 4994 Bl.
1244 4936 1390 5008 requirat
1409 4934 1467 4996 οὐκ
1484 4932 1516 4995 ἐν
