3502 5512
870 378 910 437 13

271 566 433 628 ΗΡΩΟΙΝ
468 570 546 628 ante
568 567 729 628 Kockium
755 566 838 626 vidit
860 566 1065 627 Volclrmann
1089 566 1129 626 de
1152 565 1271 627 Suidae
1293 565 1395 640 biogr.
1420 568 1551 643 Quaest.

270 669 329 729 sel.
354 669 488 730 Bonnae
514 669 613 742 1861,
638 684 668 743 p.
693 669 746 728 40.
772 667 898 728 Monuit
916 667 1038 728 Nauck.

225 770 277 830 Fr.
305 772 357 831 26.
382 771 430 830 Bl.
456 771 588 847 supplet
611 763 675 828 τάδ’
702 767 787 828 ἐστιν.

223 873 275 933 Fr.
301 874 354 946 27,
382 875 409 933 1.
445 872 672 933 Incertissima
694 871 870 931 restitutio.
896 871 972 931 Tria
995 873 1103 932 tentat
1126 870 1174 932 Bl.
1199 888 1271 946 pag.
1300 872 1350 932 17.
1376 907 1415 916 -
1441 873 1497 933 Vs.
1529 876 1548 934 2

270 974 385 1034 malim
418 970 466 1032 ἐστὶ
495 979 581 1032 τοῖν
610 970 818 1050 κοχώυοιυ.
856 972 1045 1033 Articulum
1074 973 1187 1048 utique
1218 974 1444 1034 necessarium
1475 990 1549 1036 esse

269 1091 334 1136 non
357 1075 524 1137 intellexit
546 1074 652 1148 Koclr,
676 1071 855 1151 καθειμένοι
880 1074 967 1134 male
990 1074 1148 1135 sollicitat
1172 1074 1220 1134 Β1.

224 1175 275 1236 Fr.
300 1177 353 1251 20,
378 1177 408 1236 2.
440 1178 570 1253 κύμασιν
598 1177 676 1236 olim
701 1176 817 1235 tuebar
840 1190 859 1234 a
884 1175 1038 1249 Madvigii
1062 1176 1252 1236 coniectura
1274 1175 1441 1251 καύμασιν,
1463 1177 1548 1252 quod

267 1278 465 1339 flammas
495 1276 680 1352 significare
705 1292 771 1337 non
794 1291 891 1352 posse
914 1277 1021 1337 sensit
1044 1278 1144 1338 etiam
1169 1277 1232 1351 Β1.,
1257 1277 1313 1351 qui
1335 1277 1407 1338 iure
1429 1278 1547 1353 impro-

267 1379 325 1438 bat
346 1379 462 1440 Koclrii
485 1380 568 1440 coni.
595 1379 627 1438 in
653 1393 701 1439 vs.
729 1380 757 1437 1.

222 1481 273 1541 Fr.
298 1481 351 1541 33.
375 1481 541 1541 Admissis
560 1481 697 1540 Porsoni
717 1483 750 1539 et
762 1478 947 1539 Casauboni
967 1478 1222 1540 correctionibus
1241 1481 1289 1540 sic
1301 1481 1545 1541 constituerim:

488 1584 685 1658 ποιμανεῖ
703 1585 772 1654 (pro
795 1578 958 1655 ποιμαίνει)
982 1573 1009 1638 δ’
1036 1577 1167 1640 ἐπίσιτον

489 1675 603 1761 ῥιγῶντ’
631 1679 663 1740 ἐν
686 1681 881 1760 Μεγαβύζου.

491 1777 589 1856 [δέξετ’
615 1781 740 1855 (δέξεταί
759 1776 780 1842 τ’
806 1783 908 1852 PorS.)
933 1779 981 1842 tal
1004 1788 1103 1864 μισθῷ

488 1889 570 1944 σῖτον
594 1888 662 1958 (pro
686 1888 764 1954 σῖτος
789 1883 886 1956 Cael]

264 1985 381 2045 deletis
411 1986 550 2060 ultimis,
582 2001 665 2059 quae
695 2001 736 2046 ex
767 1987 1040 2061 interpretatione
1070 1986 1208 2047 fluxisse
1238 1987 1322 2047 mihi
1349 2003 1543 2063 persuasum

264 2091 325 2147 est.
351 2087 426 2148 Alia
448 2088 590 2148 tentavit
613 2088 661 2148 Bl.

220 2188 271 2248 Fr.
297 2187 350 2249 37.
376 2185 404 2260 ἐξ
429 2187 499 2264 ὅτου
521 2187 524 2267 l
545 2180 644 2265 ἦλθον
668 2192 726 2249 aut
750 2186 779 2260 ἐξ
803 2187 872 2248 ὅσον
896 2182 922 2248 δ’
951 2194 1004 2258 (an
1028 2184 1086 2260 r'?)
1110 2181 1208 2266 ἦλθον
1232 2191 1280 2251 Bl.

219 2289 271 2350 ur.
297 2291 350 2350 40.
375 2290 513 2351 Dobraei
537 2292 726 2352 coniectura
749 2290 945 2365 probabilior
968 2306 1067 2365 quam
1091 2290 1305 2352 Meinekiana.

219 2390 270 2450 Fr.
295 2392 347 2452 50.
379 2392 513 2452 Rectius
544 2393 635 2453 Koclr
666 2401 796 2474 μεμνητο
828 2408 926 2467 quam
951 2392 1000 2452 Bl.
1029 2402 1178 2475 μεμνηστο,
1202 2394 1258 2467 qui
1280 2389 1409 2455 fallitur
1431 2394 1543 2455 dicens

264 2491 421 2552 Cobetum
457 2494 540 2554 Xen.
573 2494 676 2554 Anab.
708 2495 777 2568 17,
809 2497 829 2555 5
871 2494 1018 2554 voluisse
1047 2504 1174 2578 μεμυῷο.
1209 2494 1308 2557 Cobet
1343 2512 1401 2571 per
1434 2499 1539 2557 totam

262 2594 367 2655 vitam
386 2594 494 2655 solum
515 2592 674 2677 μεμνῄμην
697 2598 773 2670 etc„
798 2598 835 2655 ut
857 2593 1016 2678 κεκτῄμην,
1038 2594 1201 2679 κεκλῄμην,
1224 2594 1378 2680 καθῄμην,
1400 2599 1539 2659 atticum

263 2709 336 2755 esse
359 2696 480 2757 docuit.

218 2893 448 2965 Pherecratio
472 2900 511 2961 ir.
539 2902 567 2976 1,
592 2902 611 2961 3

526 2998 566 3073 ὡς
590 2997 752 3080 ὀλιγόσιτος
774 2992 843 3079 ἦσθ’
869 2995 926 3080 ἄρ’,
948 2996 981 3073 ὃς
1005 3001 1171 3073 κατεσθίεις

519 3111 570 3180 τῆς
592 3099 704 3180 ἡμέρας
727 3111 878 3181 μακρᾶς
901 3101 1090 3181 τριήρους
1113 3103 1199 3163 σιτία.

261 3203 342 3278 Quia
361 3215 475 3281 μακρᾶς
494 3222 600 3281 neque
619 3222 694 3267 cum
714 3201 825 3282 ἡμέρας
852 3220 956 3280 neque
976 3220 1052 3265 cum
1071 3204 1210 3284 τριήρους
1231 3207 1306 3280 apte
1319 3208 1473 3282 coniungi
1485 3224 1537 3284 po-

260 3309 340 3382 test,
361 3308 531 3367 tentabam
553 3315 710 3384 μικροσ,
731 3308 752 3368 i.
766 3321 792 3368 e.
815 3321 954 3381 paene.
973 3307 1094 3366 Postea
1107 3321 1183 3367 vero
1195 3307 1349 3366 dubitans
1362 3323 1442 3368 num
1455 3311 1539 3369 satis

258 3410 346 3469 recte
365 3407 443 3467 σιτία
462 3409 522 3470 boc
541 3424 643 3469 sensu
662 3411 774 3469 careat
792 3408 930 3469 articulo
949 3406 1128 3482 malebam,
1147 3408 1232 3482 quod
1245 3408 1403 3482 hodieque
1415 3410 1535 3486 placet,

480 3517 532 3587 τῆς
555 3504 666 3586 ἡμέρας
689 3508 784 3581 νεὼς
807 3517 959 3585 μακρᾶς
982 3506 1025 3567 τὰ
1046 3507 1132 3568 σιτία.

258 3615 295 3671 ut
313 3613 574 3688 superscriptum
593 3613 761 3686 glossema
780 3609 917 3687 τριήρους
937 3610 970 3669 in
990 3613 1122 3671 textum
1141 3625 1177 3670 se
1192 3611 1380 3671 insinuasse
1392 3615 1537 3687 putetur.

214 3715 266 3776 Fr.
291 3717 321 3776 7.
347 3709 405 3773 ἀλλ’
432 3713 487 3774 οὐκ
511 3706 603 3774 οἶσθα
626 3712 672 3773 σύ.
697 3713 745 3774 Bl.
771 3713 826 3773 cit.
851 3712 949 3788 Vesp.
978 3714 1039 3774 193
1065 3717 1098 3773 et
1121 3713 1195 3772 Eur.
1220 3713 1260 3775 ir.
1286 3714 1361 3788 257,
1386 3716 1416 3773 4.

214 3818 265 3878 Fr.
290 3819 320 3878 9.
345 3818 394 3878 Β1.
419 3832 477 3892 pro
500 3814 626 3891 κυάμοις
649 3815 733 3875 coni.
756 3809 843 3896 κονίᾳ
866 3829 942 3874 cum
967 3815 1087 3874 vitiosa
1110 3815 1281 3888 anapaesti
1305 3815 1473 3875 incisione.

214 3919 265 3979 Fr.
293 3921 343 3995 10,
368 3922 399 3981 4.
432 3925 639 3997 περιομουσσνν
669 3917 744 3991 post
773 3929 827 3975 me
856 3929 914 3989 pro
944 3918 1157 3993 θιγγανουσῶν
1185 3915 1268 3975 coni.
1293 3914 1535 3995 Koclr.‚1.enio·

257 4036 327 4080 rem
353 4037 428 4082 vero
462 4025 601 4096 expecto
631 4016 912 4090 emendationem,
955 4030 1015 4076 nec
1049 4017 1163 4076 tamen
1196 4019 1417 4095 θουγουωσῶυ,
1450 4015 1536 4089 quod

258 4122 337 4182 olim
360 4122 393 4182 in
418 4125 566 4182 mentem
591 4119 695 4194 venit,
720 4118 803 4178 satis
826 4118 951 4191 aptum.

211 4224 262 4283 Fr.
291 4226 341 4284 11.
365 4222 530 4285 eorrectio
553 4224 688 4282 incerta.
708 4220 909 4280 Tentabam:

345 4317 429 4399 οἶμαι
452 4319 477 4383 ‹l'
505 4322 597 4383 αὐτὸν
620 4320 808 4381 κινδυνεύειν
831 4318 872 4390 εἰς
895 4316 951 4396 τὴν
975 4317 1130 4397 Αἴγυπτον
1159 4317 1294 4380 <ίόντα>

277 4430 362 4491 (Β.)
387 4425 548 4504 οἰκτρόν
567 4446 606 4505 γε
629 4421 774 4503 λέγεις,
796 4421 828 4482 εί
846 4421 908 4481 δεῖ
923 4424 1043 4497 συζῆν
1061 4425 1137 4481 τοῖσι
1150 4420 1333 4499 Λυκούργου
1346 4418 1532 4496 πατριώταις.

255 4547 313 4607 pro
344 4528 445 4600 οἴκους
476 4525 580 4600 λέξεις,
606 4524 656 4583 iva
682 4522 724 4600 μή
748 4520 865 4605 ξυνέχη.
892 4556 931 4566 -
956 4523 1005 4583 Β1.
1029 4523 1137 4597 suppl.
1161 4519 1306 4580 ἀπελθεῖν
1329 4523 1363 4580 et
1386 4522 1469 4582 coni.
1495 4515 1529 4580 ἵν’

256 4630 319 4691 ἐκεῖ
336 4634 424 4716 συξη,
446 4630 531 4706 quod
554 4630 584 4689 si
608 4643 723 4688 verum
746 4628 805 4702 sit,
824 4628 907 4687 vs2
931 4640 1127 4700 proponam:
1149 4625 1181 4682 Β.
1201 4621 1310 4700 οἴμοι
1334 4621 1370 4681 τί
1390 4619 1532 4701 λέγεις;

256 4725 297 4790 ἵν’
325 4730 408 4793 ἐκεῖ
427 4736 497 4805 (aut
520 4731 629 4792 lenius
652 4727 702 4787 ἴνα
727 4727 775 4804 δὴ)
799 4729 893 4810 συζῇ
916 4749 939 4786 τ.
963 4730 1002 4785 Λ.
1025 4724 1221 4804 πατριώταις;

211 4832 262 4895 rr.
294 4834 344 4908 12,
371 4837 399 4895 1.
424 4830 657 4910 δελφινοφόροιο
679 4827 800 4907 κεραίας
824 4829 876 4889 vel
901 4825 1119 4905 δελφινοφόρος
1142 4846 1172 4884 τε
1192 4825 1296 4903 κεραίαν
1315 4825 1364 4885 Bl.
1386 4828 1421 4884 et
1440 4839 1489 4883 νε.
1511 4825 1529 4883 2

254 4936 428 5011 κοτασύσει,
450 4935 534 5011 quod
557 4948 638 4994 sane
660 4930 923 5008 praeferendum.
