3502 5512
838 353 879 412 91

204 576 209 584 -
241 539 403 600 dictionis.
428 541 520 601 Idem
544 557 593 601 νε.
614 542 632 600 7
658 542 699 601 ad
722 548 909 619 τριηραρχῶν
932 537 1085 620 ἀπήγξατο
1104 543 1159 603 cit.
1181 544 1236 603 Ar.
1252 542 1308 615 Eq.
1331 541 1518 615 912-918,

241 639 299 700 sed
323 656 371 701 νε.
399 644 439 702 10
462 641 677 702 εἰσαναλίσκων
700 657 775 703 curn
799 643 854 703 illo
878 658 943 703 nou
967 643 1102 705 mutabo
1125 645 1159 703 in
1184 641 1431 716 έξοναναλίσκων.

199 741 249 801 llr.
275 743 349 818 205,
364 743 393 803 2.
417 744 593 819 Perperam
615 744 736 816 πλείους
759 739 848 807 <t'>
872 744 935 820 Β1.,
961 760 1039 805 nam
1059 761 1101 806 ex
1121 736 1200 805 ταῶν
1220 751 1280 816 (νε.
1297 746 1328 820 1)
1349 743 1520 804 commode

242 844 373 906 auditur
394 855 453 926 ταῲ
478 850 512 907 et
534 847 669 908 voculae
693 843 747 923 μὲν
771 849 813 918 (1)
837 848 1013 922 respondet
1037 842 1063 905 κί’
1090 850 1144 918 (3).

197 944 249 1006 Fr.
274 946 348 1023 206,
373 947 394 1007 8
417 945 501 1008 ἄλλοι
525 965 601 1009 cnm
623 949 764 1010 articulo
788 949 904 1010 malim
929 963 1004 1008 cum
1029 949 1078 1009 Β1.

197 1044 250 1106 Fr.
274 1047 349 1123 207,
375 1049 405 1111 2.
429 1048 600 1127 Λογοίριον,
623 1064 688 1110 non
711 1049 912 1129 λογισκός,
935 1054 1095 1124 quantum
1113 1051 1279 1126 novimus,
1300 1049 1415 1109 Graeci
1438 1048 1520 1108 dice·

241 1147 334 1224 bant,
366 1165 466 1223 quare
497 1151 658 1225 hodieque
685 1151 834 1226 praeiero
860 1152 1083 1212 coniecturam
1107 1167 1218 1213 meam
1242 1149 1291 1210 καί
1319 1149 1520 1226 <οιοί>λονος

241 1247 439 1311 Kockianae.
466 1285 504 1294 -
531 1251 587 1312 Vs.
619 1253 649 1312 3.
693 1251 726 1311 si
768 1255 857 1314 recte
899 1252 1024 1314 Koclrio
1063 1253 1234 1314 lenissima
1265 1251 1416 1312 Meinekii
1447 1265 1519 1311 con·

241 1350 367 1411 iectura
388 1351 546 1434 παραξιίτω
570 1353 749 1428 displicuit,
774 1355 859 1427 quod
886 1354 1024 1414 verbum
1047 1356 1092 1416 sit
1111 1356 1143 1416 h.
1157 1355 1177 1415 l.
1198 1354 1299 1414 nimis
1324 1353 1518 1425 violentum,

240 1451 328 1512 idem
354 1453 440 1514 valet
458 1454 498 1513 de
515 1455 687 1515 audaciore
706 1454 872 1529 Blaydesii
893 1459 1013 1516 conatu
1032 1455 1219 1515 εἰσπαισοίτω.
1238 1456 1421 1530 Aptissime
1439 1469 1520 1514 sane

240 1553 310 1628 ipse
337 1554 428 1616 Kock
451 1555 590 1617 coniecit
612 1557 784 1633 παρεισίτω,
806 1557 885 1617 licet
908 1559 1018 1619 mendi
1042 1559 1126 1619 ratio
1151 1559 1262 1619 minus
1289 1558 1454 1632 appareat.
1478 1588 1517 1598 -

243 1653 297 1714 Vs.
323 1657 353 1716 7.
378 1656 427 1716 Β1.
452 1659 506 1719 cit.
532 1657 654 1721 Gratia.
679 1660 711 1720 II
737 1660 863 1720 19411.

197 1755 249 1816 Fr.
274 1757 348 1832 208,
374 1761 404 1819 4.
429 1761 589 1820 σικύαισιν.
624 1760 689 1838 ,ci
721 1762 864 1823 Cratetis
886 1761 925 1824 fr.
950 1764 1009 1838 413
1035 1762 1149 1823 Eubul.
1177 1763 1249 1822 147.
1274 1760 1395 1820 Eodem
1419 1774 1520 1819 sensu

241 1858 359 1930 κύαθος
383 1860 456 1922 Pac.
480 1863 556 1923 444.
583 1864 681 1924 542.”
706 1863 754 1923 Bi.
780 1863 871 1924 Idem
894 1867 972 1925 νε.1
1002 1864 1142 1925 coniecit
1160 1858 1445 1937 κατεσκευασμένον,
1463 1860 1520 1919 sed

240 1959 363 2021 tradita
386 1961 483 2024 lectio
507 1963 673 2039 significat
696 1966 764 2038 qui
787 1965 870 2024 sibi
894 1966 1125 2040 instruxit,
1151 1980 1212 2025 nec
1234 1963 1423 2023 sollitanda.

197 2059 249 2120 Fr.
274 2061 349 2138 209,
373 2063 404 2123 4.
427 2062 462 2121 τὰ
485 2063 573 2142 μέλη,
595 2081 641 2126 so.
668 2062 847 2143 Φιλοξένου,
869 2081 974 2140 neque
998 2067 1098 2142 igitur
1129 2081 1178 2127 νε.
1203 2068 1223 2126 ί)
1247 2079 1329 2140 opus
1353 2066 1405 2124 est
1426 2062 1519 2135 Blay·

242 2160 323 2221 desii
347 2165 537 2226 coniectura
560 2163 692 2242 κέκρακε.

205 2293 208 2297 -
289 2265 514 2325 ΤΤΡΡΗΝΟΣ.
557 2268 650 2342 Apud
682 2268 891 2327 Athenaeum
922 2269 1047 2329 temere
1077 2269 1125 2330 Β1.
1165 2269 1318 2344 proponit
1351 2264 1386 2325 τὰ
1419 2265 1521 2343 ίμοίτια

241 2359 353 2425 &nidor
377 2383 434 2442 pro
457 2366 602 2446 περιέδυε.
626 2369 696 2431 vid.
722 2370 838 2430 lexica.

198 2466 249 2526 Fr.
274 2467 350 2542 210,
378 2470 405 2529 1.
430 2469 597 2530 Violenter
626 2471 709 2549 χάρις
740 2475 799 2532 aut
829 2470 933 2549 κέρδος
956 2473 1005 2533 Β1.
1030 2472 1312 2546 acquiescendum
1331 2470 1521 2531 lenissimae

242 2569 398 2630 Erfurdtii
421 2574 626 2633 correctioni.

198 2670 249 2730 Fr.
274 2672 349 2731 211.
385 2671 485 2750 δήμου
520 2675 674 2735 similiter
703 2675 754 2735 bis
784 2676 971 2737 Herodotus
1000 2676 1027 2734 V
1052 2677 1093 2738 92
1128 2678 1163 2735 et
1192 2674 1239 2734 IX
1263 2675 1315 2749 73,
1347 2688 1461 2748 quare,
1493 2673 1521 2732 si

243 2788 359 2834 revera
392 2775 439 2835 ita
472 2776 606 2851 scripsit
639 2779 750 2853 poeta,
783 2774 814 2836 ἐκ
844 2785 895 2854 τῆς
925 2784 1043 2854 κοινῆς,
1070 2792 1155 2850 quae
1184 2776 1292 2836 multa
1318 2775 1456 2849 arripuit
1480 2788 1522 2833 ex

243 2874 332 2950 Iade,
367 2876 449 2937 haec
482 2877 611 2938 dicendi
646 2878 730 2939 ratio
760 2879 794 2938 in
825 2880 1013 2940 Atticorum
1043 2892 1232 2940 sermonem
1262 2892 1299 2937 se
1329 2875 1522 2936 insinuavit.

241 2974 312 3036 Vid.
337 2991 437 3050 supra
459 2979 499 3038 ad
524 2978 563 3038 ir.
592 2979 664 3054 191,
693 2981 742 3040 18.

198 3076 249 3135 Fr.
274 3078 348 3153 212,
374 3080 404 3138 4.
440 3076 551 3158 ἐρήμης
585 3081 656 3140 eine
691 3095 794 3140 causa
827 3081 894 3157 Β1.,
932 3097 992 3142 neo
1027 3097 1109 3156 opus
1140 3081 1221 3140 mihi
1253 3080 1382 3140 videtur
1417 3094 1466 3138 ve.
1502 3080 1521 3138 ί)

242 3178 360 3239 Naberi
383 3181 571 3241 coniectura
592 3181 719 3258 χρηστὸν
742 3197 799 3257 pro
823 3191 968 3261 χρυσοῦν,
991 3183 1075 3256 quod
1098 3182 1206 3256 magis
1229 3181 1405 3255 poeticum.
1426 3180 1523 3240 Miror

243 3280 327 3340 hano
345 3282 482 3355 probare
504 3283 567 3359 Β1.,
589 3283 645 3356 qui
665 3284 734 3357 ipse
755 3283 931 3345 contulerit
955 3284 1176 3343 Horatianum
1200 3297 1352 3342 aureos
1375 3296 1521 3341 mores

242 3381 424 3443 EGraeois
447 3384 487 3445 cf.
511 3384 707 3444 πλούσιον
738 3375 837 3461 ἦθος
863 3385 938 3445 Eur.
964 3384 1074 3459 suppl.
1102 3385 1176 3444 907.
1203 3417 1243 3426 -
1268 3384 1323 3444 Vs.
1349 3386 1368 3444 6
1392 3398 1441 3456 eq.
1473 3381 1521 3442 Bi.

242 3482 277 3542 αί
307 3481 377 3563 γὰρ
403 3518 442 3527 -
473 3485 627 3561 τρόποισιν
662 3483 762 3557 ι’ίντως.
798 3486 835 3546 In
871 3486 1016 3561 vulgatis
1051 3486 1134 3545 mihi
1169 3500 1296 3558 quoque
1319 3479 1521 3559 suspectum

242 3587 294 3644 est
324 3582 387 3660 μέν.

199 3685 250 3746 Fr.
276 3686 350 3763 217,
375 3688 406 3748 4.
442 3682 535 3747 αίθετ’
569 3704 627 3763 pro
658 3682 753 3763 αἴρεθ’
783 3688 890 3748 multo
921 3691 1009 3748 certe
1032 3688 1153 3748 melius
1176 3686 1267 3747 Kock
1291 3701 1391 3759 quam
1414 3678 1521 3745 ὀπτᾶθ’

244 3785 292 3847 Bl.
312 3788 448 3863 Propter
468 3792 564 3850 notos
583 3793 696 3850 tamen
715 3789 938 3864 anguillarum
957 3789 1009 3850 vel
1033 3789 1240 3850 conciearum
1260 3787 1415 3860 saltus,
1436 3786 1522 3846 haud

243 3889 327 3949 satis
356 3889 437 3949 mihi
468 3895 598 3953 constat
630 3892 669 3953 de
693 3891 893 3967 corruptela,
918 3891 1071 3964 quamvis
1093 3891 1141 3950 ita
1163 3889 1273 3964 potius
1297 3890 1521 3963 exspectarem

244 3983 352 4048 ἅλλεθ’.
376 3991 524 4053 iudicent
548 3993 615 4054 alii.
639 3993 686 4053 Do
709 3992 893 4068 παφλάζεται
916 3992 965 4053 Β1.
990 3994 1079 4053 recte
1103 3991 1159 4051 cit.
1183 3989 1300 4050 Eubuli
1323 3990 1361 4050 fr.
1381 3989 1442 4047 112
1464 4003 1524 4048 nec

244 4090 383 4152 debebat
411 4108 590 4169 proponere
620 4094 785 4172 χρωτίζεται
816 4097 874 4154 aut
904 4093 1045 4172 ῥιπίζεται
1076 4094 1171 4166 (quod
1200 4107 1336 4168 prorsus
1358 4092 1521 4165 ineptum,

244 4206 308 4252 non
340 4195 428 4253 euim
460 4194 601 4272 ῥιπίζεται
631 4196 791 4272 anguilla,
817 4197 873 4256 sed
896 4195 930 4256 τὸ
953 4200 1039 4273 περ),
1063 4210 1123 4255 nec
1148 4210 1195 4255 νε.
1223 4194 1263 4254 10
1287 4190 1441 4267 ἀλειφθείς
1465 4207 1523 4267 pro

243 4294 397 4365 λοπισθείς
421 4300 459 4365 (ε.
484 4301 575 4371 λεπ.λ;
601 4298 721 4357 melius
745 4298 833 4357 idem
857 4298 973 4358 deinde
1000 4292 1097 4357 <ἇλσί
1121 4295 1342 4365 δια>πασθείς
1357 4328 1396 4337 -
1412 4294 1467 4356 Vs.
1484 4295 1523 4353 13

245 4397 279 4454 et
306 4392 414 4456 17.οέ
447 4413 506 4472 pro
540 4420 569 4456 τε
601 4398 697 4458 malit-
729 4398 817 4457 idem
849 4400 881 4458 et
912 4413 960 4458 vs.
990 4400 1029 4457 14
1061 4398 1232 4471 suspectat
1259 4396 1298 4456 de
1325 4397 1404 4455 vitio
1429 4393 1524 4453 ἀκτῖσι

244 4494 342 4567 θείαις
365 4501 399 4558 et
430 4513 478 4559 vs.
514 4500 552 4559 17
586 4501 695 4559 tentat
724 4506 782 4557 νῦν
813 4495 1008 4578 στρέφοντας,
1040 4497 1158 4570 ubique
1188 4499 1360 4557 somnians
1389 4497 1522 4572 menda,

246 4602 283 4658 ut
311 4615 358 4659 νε.
384 4600 423 4661 21
456 4616 513 4675 pro
546 4600 685 4675 palmari
716 4600 868 4660 Meinelrii
900 4599 1130 4660 emendatione
1160 4602 1315 4674 πυρωποῐς
1341 4597 1524 4675 (ριπίσμαστν

244 4698 400 4770 Abresch)
430 4703 587 4764 substitui
615 4716 785 4776 perperam
815 4701 905 4761 iubet
935 4716 1033 4761 suurn
1056 4703 1216 4758 πυκνοῖσιν
1240 4701 1285 4769 (in
1309 4699 1525 4760 Addendis

204 4848 210 4855 .
244 4803 445 4863 secundis
480 4805 600 4864 melius
635 4804 723 4863 certe
757 4810 903 4877 πυρωτῶν
926 4802 1117 4878 proposuit).
1143 4834 1183 4843 -
1209 4801 1263 4861 Va.
1289 4802 1341 4861 22.
1366 4802 1525 4873 ξουθοῖσιν

243 4902 330 4964 idem
354 4919 411 4978 pro
435 4920 516 4968 sano
540 4907 709 4978 ξανθαῖσιν.
731 4937 770 4947 -
796 4902 851 4966 Vs.
877 4906 929 4966 24.
957 4903 1125 4978 Proponit:
1151 4909 1272 4961 τοιαῦτα
1295 4902 1342 4963 τοί
1362 4920 1409 4963 σοι
1432 4901 1524 4961 ταῦτά
