3502 5512
866 340 908 400 74

224 515 432 586 Autotratis
451 522 490 582 fr.
512 523 539 583 1.
559 524 682 584 Locum
706 523 992 599 elegantissimum
1011 525 1060 586 sio
1078 525 1199 601 partim
1212 524 1353 587 feliciter
1364 525 1473 584 tentat
1484 523 1548 584 Bi:

581 616 630 684 οία
652 624 810 696 παίζουσιν
834 625 919 702 φίλαι

581 722 731 805 παρθένοι
754 727 868 788 Λυδῶν
891 726 977 807 κόραι

581 835 683 904 κοῦφα
706 828 846 907 πηδῶοαι
869 829 1011 890 ποδοῖν
1037 830 1101 900 (vel
1125 830 1225 902 ποσίν)

581 927 645 990 καί
668 939 885 1010 κροτοῦσοιι
913 936 1017 996 (ταῖν.
1042 932 1155 994 Malim
1178 937 1271 997 miv>
1298 935 1411 1011 χεροῖν,

514 1034 533 1094 5
575 1025 721 1109 Ἐφεσίαν
743 1028 810 1111 παρ’
831 1030 969 1112 ’Ἀρτεμιν

580 1138 743 1195 πλεῖστα
766 1134 825 1213 δι’),
848 1133 899 1195 ιιοιί
921 1140 985 1195 τοῖν
1009 1133 1118 1215 ίσχίοιν

583 1247 685 1308 <τις>
712 1234 745 1297 τὸ
768 1233 822 1314 μὲν
845 1236 940 1314 notro,
963 1234 995 1297 τδ
1020 1231 1048 1297 δ’
1075 1228 1114 1297 αὖ
1142 1248 1244 1309 (τις)

579 1373 676 1400 -υ-
699 1332 816 1418 αίρουσ’
843 1335 921 1416 dvm,

578 1432 627 1500 οία
650 1440 769 1520 κίμιιλος
792 1439 918 1500 ἅλλεται.

268 1539 324 1600 Vs.
349 1541 379 1601 3.
404 1540 533 1602 Aeliani
564 1542 656 1602 codd.
687 1540 800 1618 κόμαν,
828 1557 915 1603 unus
939 1539 1047 1617 κόμας,
1074 1542 1142 1602 iam
1166 1541 1300 1603 Fiorillo
1323 1539 1421 1613 πόλος
1444 1541 1548 1603 oonie·

268 1644 358 1702 cerat
388 1641 509 1718 lenius,
546 1643 603 1703 sed
635 1643 857 1723 τραγικώτερον.
888 1643 935 1704 Oi.
959 1645 1084 1704 Porson
1108 1644 1148 1704 ad
1172 1644 1278 1705 Orost.
1305 1644 1401 1705 1427.
1425 1642 1547 1704 Verum

268 1744 369 1804 etiam
390 1742 498 1803 ποδοῖν
517 1745 589 1805 sine
604 1744 743 1806 articulo
763 1747 811 1815 (ut
823 1748 857 1806 et
868 1752 969 1821 κοῦφα
988 1743 1101 1822 πηδᾶν)
1121 1746 1226 1820 spirat
1244 1745 1547 1821 paratragoediam;

267 1846 301 1906 in
331 1861 395 1920 qua
424 1846 605 1907 omissione
636 1847 664 1906 si
695 1846 787 1908 nulla
817 1847 905 1908 iusta
936 1846 1076 1908 offensio
1108 1847 1160 1916 (of.
1186 1862 1234 1908 vs.
1260 1848 1306 1924 6),
1332 1847 1449 1908 malim
1472 1861 1549 1908 oum

270 1947 470 2008 Headlamo:

581 2056 684 2125 κοῦφα
706 2048 845 2126 πηδῶσαι
871 2046 991 2112 (ποσίν
1015 2049 1143 2120 (malim
1167 2049 1287 2119 ποδοῖν)

579 2147 822 2213 πάνασείουοαι)
849 2148 955 2226 κόμαν.

228 2251 281 2312 Vs.
306 2252 337 2312 4.
359 2251 492 2326 Optima
515 2253 645 2313 videtur
664 2251 861 2313 emendatio.
876 2285 915 2294 -
930 2251 985 2313 Vs
1000 2254 1034 2330 6,
1055 2253 1083 2312 si
1102 2252 1150 2313 Β).
1169 2256 1257 2314 recte
1277 2253 1420 2314 coniecit
1431 2255 1552 2313 πλεῖστα

268 2368 326 2429 pro
355 2354 540 2432 καλλίσταν),
574 2357 631 2415 aut
662 2353 869 2415 abiciendum
903 2352 1085 2430 11161316),
1113 2354 1198 2428 quod
1223 2354 1371 2416 additum
1395 2368 1553 2416 numeros

267 2456 476 2532 pessumdat,
502 2459 572 2532 aut,
597 2457 723 2517 omisso
735 2451 799 2530 καλ,
818 2453 1029 2515 scribendum
1047 2458 1166 2514 πλεῖστα
1186 2454 1240 2532 δή,
1256 2460 1320 2516 τοῖν
1335 2449 1418 2519 <τ’>
1434 2454 1550 2535 ίσχίοιν.

269 2556 455 2618 Lenissime
489 2559 636 2633 quidem,
672 2557 730 2617 sed
770 2571 885 2632 parum
922 2558 999 2631 apte
1035 2555 1175 2615 κάλλιστα
1206 2559 1373 2632 proposuit
1406 2557 1551 2632 Lobeok;

270 2659 377 2733 magis
401 2659 522 2720 arridet
542 2660 657 2720 Kockii
678 2659 868 2720 coniectura
887 2655 1077 2734 καλλικόμαν.
1096 2659 1208 2719 Possis
1227 2660 1328 2720 etiam
1345 2660 1417 2721 ooli.
1430 2660 1549 2721 Aosoh.

269 2759 386 2834 Agam.
414 2763 476 2822 140
496 2763 640 2837 cogitare
658 2762 697 2823 de
716 2760 888 2822 scribendo
906 2759 1045 2837 καλήν,
1064 2782 1100 2820 τε
1123 2758 1172 2819 καί
1192 2766 1257 2822 τοῖν
1276 2760 1392 2839 ι’σχίοιν.
1412 2760 1459 2822 De
1479 2760 1549 2823 reli·

269 2863 343 2936 quis
366 2877 430 2923 non
455 2863 558 2923 habeo
582 2864 666 2938 quod
690 2862 820 2923 addam.

226 2964 277 3024 Fr.
303 2965 355 3024 31'.
502 2961 590 3040 ἀμνοὶ
616 2961 648 3023 δὲ
671 2961 940 3041 βληχοίζουσιν
963 2955 1013 3021 ὑπ’
1039 2960 1267 3042 ἀγαλαξίας.

270 3066 341 3125 Imo
365 3062 621 3144 ἀμαλακιίας,
651 3080 750 3141 quam
777 3064 918 3124 formam
949 3065 1045 3126 unice
1071 3081 1185 3127 veram
1205 3067 1351 3127 illustrat
1371 3066 1433 3127 hoo
1452 3081 1550 3127 versu

270 3168 305 3228 B.
321 3170 357 3228 Δ.
382 3170 457 3244 336,
484 3171 536 3230 26.
561 3167 606 3228 cf.
631 3164 710 3225 Poll.
731 3164 780 3224 ΙΙΙ
799 3165 852 3225 50.
877 3164 910 3224 Si
935 3168 1023 3226 recte
1047 3166 1206 3227 traditum
1226 3165 1424 3245 βληχαζοασιν
1447 3167 1550 3237 (Kock

267 3271 476 3348 μηκάζουτιν),
500 3275 553 3330 est
574 3266 838 3344 paratragoedia,
864 3280 943 3327 narn
963 3267 998 3344 βλ
1022 3268 1107 3344 apud
1134 3269 1328 3344 Sophoclem
1355 3270 1550 3344 saepissime

269 3386 333 3431 non
368 3373 446 3432 iacit
479 3372 688 3447 positionem.
725 3369 812 3428 Nihil
842 3369 951 3429 tribuo
983 3374 1136 3446 corrupto
1169 3371 1352 3446 vesparum
1375 3371 1446 3432 looo
1470 3372 1549 3445 570,

269 3489 332 3547 quo
373 3475 531 3550 provocat
571 3470 728 3545 Blaydes,
773 3469 827 3544 qui
870 3471 1012 3530 tortasse
1046 3474 1168 3533 rectius
1202 3473 1317 3532 scribit
1350 3468 1441 3548 ἁμνολ
1473 3487 1548 3532 oum

270 3575 419 3636 articulo.
