3502 5512
720 1507 1025 1590 ADDENDA.

776 1776 964 1786 ——..-

211 1955 385 2036 linguens
409 1957 447 2018 fr.
474 1960 502 2019 1.
537 1955 596 2035 ἤδη
630 1954 770 2017 τεθέασαι
794 1980 849 2031 -;
883 1958 932 2019 Bl.
965 1958 1020 2018 cit.
1054 1961 1108 2018 Ar.
1140 1957 1221 2017 Nub.
1247 1958 1328 2030 370;
1361 1956 1532 2032 Hermippi

256 2060 294 2119 fr.
320 2061 372 2120 36.

212 2205 350 2272 0111ῐί111
374 2210 412 2269 fr.
438 2210 490 2270 54.
515 2208 611 2286 μάτην
634 2224 691 2284 pro
714 2207 809 2285 μόνον
832 2210 881 2270 Bl.

212 2309 263 2369 Fr.
288 2311 340 2370 76.
365 2310 456 2371 Idem
484 2318 521 2394 τῇ
543 2343 581 2352 -
601 2312 704 2394 βουλῇ.
735 2311 814 2370 Mihi
845 2326 909 2371 non
941 2310 1090 2385 displicet
1119 2310 1233 2370 Kockil
1261 2310 1449 2386 explicatio,
1475 2311 1532 2371 sed

256 2411 295 2470 de
319 2411 527 2485 paucissimis
550 2411 658 2472 verbis
681 2412 726 2472 nil
751 2413 832 2472 certi
854 2412 957 2472 stetui
979 2413 1099 2487 potest.
1173 2473 1176 2480 ,

211 2512 263 2572 Fr.
289 2514 341 2588 96,
365 2513 413 2573 Bl.
437 2512 505 2572 ludi
535 2515 631 2589 putat
655 2514 688 2573 in
711 2513 832 2588 duplici
856 2514 888 2572 vi
911 2513 1015 2574 subst.
1038 2509 1161 2591 ἀμοργίς
1186 2509 1282 2590 (χιτὼν
1305 2508 1476 2590 ἀμόργινας)
1500 2515 1534 2572 et

256 2611 451 2691 ὑποστάθμη,
479 2614 780 2690 sedimentum‚
806 2617 839 2675 et
862 2615 895 2675 in
921 2615 1028 2675 verbis
1051 2611 1139 2690 ἠθεῖι
1163 2617 1195 2674 et
1220 2612 1337 2690 νήθιιν.
1360 2615 1404 2673 Α1
1427 2614 1533 2674 forma

256 2714 379 2793 νήθειν,
409 2716 562 2790 quamvis
591 2716 712 2776 tradita
742 2716 842 2777 etiam
874 2716 957 2776 Plat.
990 2716 1084 2776 Polit.
1114 2714 1228 2791 2890,
1260 2731 1317 2790 pro
1349 2716 1532 2789 antiquiore

258 2825 314 2894 νῆν
338 2818 522 2891 suspicione
546 2832 610 2877 non
635 2820 735 2877 caret.

212 2919 263 2979 Fr.
290 2920 352 2994 79,
368 2920 397 2979 2.
430 2918 511 2978 (lum
535 2918 583 2978 Bl.
608 2917 719 2979 nescio
742 2933 784 2978 en
809 2918 1037 2992 corrigendum
1060 2919 1104 2978 sit
1128 2914 1218 2977 οὐδέν
1241 2934 1298 2993 pro
1322 2914 1425 2994 μηδέν,
1448 2918 1532 2992 quod

257 3021 396 3081 vitiosae
417 3020 606 3094 aequiorum
630 3019 778 3102 συνηθείᾳ
801 3019 909 3080 deberi
932 3020 1070 3081 videtur.
1096 3020 1158 3080 Sed
1182 3035 1256 3080 oum
1280 3020 1394 3080 eodem
1414 3034 1531 3092 nequa·

256 3138 354 3197 quam
386 3122 532 3197 praefero
562 3121 784 3182 masculinum
814 3115 923 3199 οὐδέν’,
946 3122 1030 3195 quod
1054 3123 1125 3196 ipsa
1147 3122 1314 3182 sententia
1337 3123 1437 3181 vetat.
1462 3121 1532 3181 Non

255 3225 343 3285 enim
368 3238 444 3284 vere
464 3224 527 3284 dici
550 3224 656 3299 potuit
675 3224 843 3284 neminem
863 3225 933 3284 tam
954 3223 1095 3284 stultum
1115 3238 1188 3283 esse
1219 3226 1256 3283 ut
1276 3225 1378 3298 amet,
1400 3223 1432 3282 id
1449 3223 1532 3296 quod

256 3325 351 3399 pauci
381 3325 532 3385 homines
561 3340 627 3385 non
657 3324 795 3400 iaciunt,
827 3324 885 3385 sed
916 3325 970 3398 qui
994 3325 1137 3398 loquitur
1160 3324 1327 3384 contendit
1351 3339 1419 3383 rem
1445 3324 1533 3384 stoli·

257 3426 333 3485 dam
357 3428 391 3485 et
414 3441 536 3487 vanam
568 3441 642 3486 esse
667 3442 825 3487 amorem.
851 3427 1022 3487 Praeterea
1045 3428 1168 3486 nudum
1192 3425 1277 3497 κενός
1301 3427 1363 3486 dici
1387 3427 1472 3487 solet
1494 3428 1534 3486 de

258 3526 353 3585 rebus
376 3526 605 3600 potiusquam
630 3529 669 3588 de
692 3528 851 3603 personis.

214 3626 266 3686 Fr.
293 3627 365 3686 105.
398 3626 519 3688 Vereor
548 3644 589 3689 ne
619 3630 856 3702 grammaticos
886 3629 1039 3690 fefellerit
1066 3629 1230 3704 scriptura
1254 3627 1408 3689 0100Αο
1429 3630 1532 3698 (deno-

257 3729 333 3787 tans
353 3720 445 3786 σῖσθιὶ
467 3723 496 3787 σ’
523 3745 588 3789 non
611 3723 744 3805 οἶσθας),
771 3730 902 3791 Cratino
926 3731 1109 3791 tribuentes
1132 3732 1273 3790 formam
1298 3721 1406 3801 οἶσθας
1429 3746 1533 3792 novae

258 3829 445 3890 comoediae
466 3832 641 3905 propriam.

215 3931 266 3991 Fr.
292 3931 364 4007 108,
387 3932 416 3991 3.
441 3932 602 3993 Athenaei
626 3935 728 3994 codex
751 3934 849 3995 habet
874 3928 1051 4009 ἒααάζαυσ’,
1074 3950 1131 4009 pro
1154 3949 1217 4007 quo
1241 3935 1371 4008 recepta
1390 3936 1442 3993 est
1461 3934 1534 3994 Val-

257 4033 419 4095 ckenaeril
433 4035 591 4095 correctio
604 4029 757 4107 ἕαώζουσ.
770 4032 1160 4121 Atjrequiriturlrrpdtovo
1169 4038 1227 4096 aut
1240 4028 1391 4119 ἐσῴζοσσ,
1403 4037 1479 4110 quia
1491 4052 1533 4096 ex

259 4133 319 4217 ᾠόν
351 4135 464 4195 debuit
485 4136 620 4196 formari
645 4140 702 4198 aut
726 4134 867 4221 ἐπῳάζειν
891 4142 948 4198 aut
973 4135 1106 4209 ἒιιαΐζεια
1130 4141 1163 4199 et
1187 4137 1409 4198 contractione
1432 4138 1534 4197 attica

259 4234 388 4319 ἐσῴζειν.
402 4235 522 4298 (lontra
534 4235 617 4309 ὤζειν
629 4241 681 4298 est
694 4238 830 4299 verbum
843 4241 1006 4300 comicum
1018 4238 1209 4314 significans
1228 4241 1260 4299 o!
1283 4238 1317 4298 cl
1328 4253 1476 4299 amare.
1491 4272 1533 4279 -

258 4337 399 4412 Blaydes
434 4342 546 4400 monet
577 4339 787 4415 Lentingium
818 4343 857 4401 ad
889 4342 1045 4402 Androm.
1078 4343 1119 4401 84
1150 4340 1359 4415 proposuisse
1391 4335 1438 4398 inl
1461 4334 1532 4422 τῷδ’

260 4434 425 4512 ἕπωάζουσ’
462 4436 501 4498 liv
535 4437 688 4516 ἐκλέψαις,
723 4444 780 4502 aut
814 4439 861 4501 ἐπὶ
892 4437 960 4525 τῷδ’
995 4437 1116 4518 ἒπώαξ,
1146 4438 1186 4512 ὡς
1216 4436 1254 4498 tv
1278 4437 1419 4524 ἐκλέψῃς,
1450 4441 1534 4514 quod

259 4542 410 4616 equidem
434 4542 661 4619 praetulerim,
687 4544 784 4604 modo
807 4544 936 4618 legatur
959 4538 1076 4625 ἐπῴαξ.

215 4644 266 4703 Fr.
294 4644 366 4719 109,
393 4645 423 4705 3.
447 4646 579 4719 μῆλα-
594 4645 763 4723 σισύμβρια.
788 4645 835 4705 Bl.
861 4646 914 4705 cit.
940 4646 978 4705 ir.
1004 4646 1078 4705 239.

216 4744 267 4806 Fr.
294 4745 366 4806 122.
391 4742 448 4805 οὐκ
471 4737 530 4804 old’
547 4740 667 4806 -pdd'
703 4742 871 4823 ἐπίσταμαι,
902 4760 1078 4822 prorsus
1109 4746 1267 4820 nescio,
1292 4748 1371 4806 nota
1393 4746 1536 4807 formula

259 4846 370 4907 attica.
406 4846 544 4908 Temere
574 4847 622 4908 Bl.
654 4842 726 4907 οὐδὲ
757 4846 914 4925 μουσικήν.
946 4847 1104 4908 Similiter
1133 4847 1242 4907 Latini
1272 4861 1406 4919 neque
1437 4846 1535 4906 novi

260 4962 392 5022 neque
415 4949 519 5023 scio,
546 4965 575 5010 v.
601 4965 627 5009 c.
652 4948 759 5009 Plaut.
784 4948 901 5013 Pseud.
929 4949 1024 5008 1212.

1402 5053 1428 5096 ra
