3502 5512
864 396 884 457 3

259 582 355 643 modo
379 583 501 643 mutari
526 583 664 658 possint.
693 583 756 644 Sed
781 587 869 644 recte
893 584 932 645 fr.
958 585 998 644 47
1031 583 1137 661 κλίνην
1159 581 1214 660 τὴν
1237 583 1415 662 παράταξιν
1438 585 1535 647 inter·

258 685 381 759 pretari
406 685 536 745 videtur
560 685 783 746 imitation
807 686 848 745 cl
869 686 1117 746 box·wocd.”

303 786 353 847 Ad
384 785 834 860 Dionysalexandrum
865 788 1008 848 fortasse
1039 788 1183 863 pertinet
1213 786 1337 848 Cratini
1366 790 1420 866 fr.,
1453 791 1537 865 quod

258 901 276 948 e
299 888 405 948 lexico
430 887 633 948 Messanensi
657 888 822 962 prolatum
845 893 915 949 est:
946 887 978 948 τὸ
1002 887 1138 949 εὐκτικὸν
1161 897 1254 971 νικῷ
1278 887 1335 967 ἔχει
1357 889 1390 950 τὸ
1413 905 1431 949 ῑ.
1456 895 1538 968 ltpa-

258 994 338 1061 τῖνος
372 991 595 1061 Διονύσοις
626 999 700 1073 νικῷ
724 987 779 1067 μὲν
803 987 819 1050 ὁ
842 991 912 1074 τῇδε
935 989 1007 1050 ποδὶ
1030 988 1104 1070 λέγω
1127 989 1222 1061 (πόλει
1245 989 1338 1069 λε’γων
1361 993 1465 1063 Kocll)
1486 992 1539 1053 τὸν

256 1093 379 1172 λῷστον.
403 1091 475 1153 Vid.
501 1092 583 1152 Mus.
609 1092 712 1152 Rhen.
738 1107 768 1154 a.
795 1094 896 1170 1892,
921 1109 951 1169 p.
978 1094 1053 1154 406.

212 1193 263 1252 Fr.
289 1195 341 1253 49.
378 1194 609 1269 Peringeniose
650 1194 867 1256 Ruthertord:
902 1193 953 1254 τὸν
988 1193 1147 1272 Κερκυόνα
1180 1192 1251 1266 τέως
1290 1192 1539 1257 ἐνατιοιιατοῦντο

258 1299 333 1352 τοῖσι
366 1293 550 1353 Λάκωσιν
579 1292 676 1373 εὑρὼν
706 1292 869 1372 ἀκίκνιξα,
902 1300 1022 1371 putans
1053 1296 1214 1357 Periclem
1246 1297 1293 1358 ita
1322 1298 1399 1374 dici,
1425 1300 1481 1372 qui
1503 1302 1541 1360 ut

255 1394 417 1456 iudicibus
453 1397 639 1458 mercedem
672 1400 803 1471 pararet
836 1398 1033 1458 thesaurum
1067 1398 1280 1473 perfregisset
1315 1398 1399 1469 (coll.
1432 1400 1540 1461 Schol.

257 1497 339 1557 Nub.
364 1499 439 1567 508)
463 1498 502 1558 de
526 1497 709 1559 Laconibus
733 1501 841 1559 citans
867 1501 919 1558 Ar.
946 1499 1021 1572 Lys.
1046 1500 1120 1559 983.
1151 1501 1244 1560 1248.
1275 1500 1341 1575 Ego
1367 1500 1446 1561 olim
1471 1501 1539 1562 vul·
1633 1510 1643 1530 ·

256 1601 334 1672 gata
366 1599 573 1674 explicabam
597 1599 636 1659 de
656 1599 886 1674 Sybaritarum
910 1601 1043 1661 luxuria
1061 1615 1126 1661 non
1150 1601 1327 1677 lapidibus,
1359 1606 1397 1662 ut
1421 1603 1542 1678 vulgus

255 1703 410 1778 faciebat,
435 1704 493 1764 sed
513 1703 737 1779 leguminibus
756 1705 906 1781 podicem
923 1705 1201 1780 abstergentium,
1222 1703 1280 1763 sed
1299 1704 1377 1778 quid
1395 1704 1539 1779 eeroyon

258 1805 311 1863 hic
341 1805 404 1864 sibi
431 1805 534 1866 vellet
557 1821 623 1866 non
653 1806 744 1880 potui
776 1808 943 1882 expedire,
976 1808 1060 1882 quod
1084 1806 1172 1867 idem
1196 1805 1286 1866 valet
1310 1805 1349 1865 de
1374 1805 1541 1880 Blaydesii

257 1905 440 1966 tentamine
464 1899 492 1964 θ’
519 1907 584 1976 (vel
607 1900 648 1976 δ’)
672 1901 769 1965 ἕωθεν
793 1902 994 1966 ἀποαατοῦνι’
1024 1905 1140 1986 (ἐγὼ)
1165 1903 1169 1984 Ι
1191 1903 1240 1966 ἐπὶ
1258 1910 1320 1978 τοῖς
1340 1907 1540 1979 λασάνοις.

213 2005 264 2066 Pr.
289 2007 342 2066 53.
363 2007 459 2083 Apud
479 2006 659 2067 Zenobium
682 2011 770 2068 recte
793 2009 841 2068 Bl.
866 2006 1003 2084 ἀκρατῶν
1027 2024 1085 2084 pro
1106 2005 1259 2086 ἀκράτων,
1284 2009 1343 2069 sed
1362 2009 1447 2082 quod
1467 2024 1541 2070 con·

256 2108 334 2168 iecit
357 2106 453 2185 μάτην
476 2124 533 2183 pro
557 2106 652 2183 μόνον
676 2107 726 2178 (fr.
753 2110 805 2178 et)
831 2125 966 2184 prorsus
989 2109 1163 2170 incertum.

214 2209 265 2269 Pr.
290 2211 343 2270 bb.
374 2210 558 2271 Draconem
589 2209 712 2284 legisse
735 2209 894 2281 ποδαποὺς
924 2227 965 2271 ex
998 2213 1070 2272 eius
1100 2209 1209 2270 verbis
1237 2213 1327 2271 recte
1350 2210 1542 2273 concludere

258 2312 389 2372 videtur
411 2312 476 2388 Bl.,
501 2312 555 2386 qui
579 2312 747 2387 proponit:

280 2411 488 2483 ποδαποὺς
512 2408 610 2489 ἡμᾶς
634 2404 711 2471 εἶναι
734 2410 874 2489 φάσκων,
898 2405 921 2472 ὦ
945 2411 1094 2491 μείρακες,
1117 2410 1175 2472 οὐκ
1198 2407 1236 2470 ἂν
1262 2407 1466 2491 ἁμάρτοις.

258 2515 341 2576 mire
377 2515 550 2576 coniuncto
585 2515 685 2576 verbo
715 2515 749 2575 in
779 2516 941 2591 singulari
971 2530 1046 2576 cum
1069 2514 1189 2591 plurali
1213 2512 1357 2593 μείρακες.
1381 2515 1542 2592 Suspecta

258 2618 372 2677 tamen
396 2618 505 2678 forma
527 2613 679 2696 ἁμιίρτοιν.

214 2717 265 2778 Fr.
290 2720 343 2779 56.
503 2717 693 2778 Πανδιονίδα
716 2718 829 2792 πόλεως
851 2721 974 2798 βασιλεῦ

503 2827 555 2897 τῆς
579 2817 836 2899 ἐριβώλακος,
859 2815 935 2881 οἷσθ’
963 2817 1002 2898 ἣν
1025 2818 1160 2900 λέγομεν,
1183 2818 1239 2878 art.

257 2922 444 2983 Permirum
474 2925 525 2983 est
555 2922 737 2998 epitheton,
770 2924 926 2998 quoniam
954 2926 988 2986 et
1012 2923 1142 2984 aliunde
1167 2925 1201 2982 et
1223 2920 1423 2996 Thucydidis
1447 2924 1538 2984 tasti-

256 3025 367 3085 mcnio
398 3025 544 3085 Atticam
574 3024 739 3101 λεπτόγεων
769 3025 871 3086 fuisse
900 3027 1041 3086 constat.
1066 3026 1101 3085 Si
1124 3025 1225 3100 igitur
1247 3038 1331 3084 sana
1350 3027 1403 3085 est
1424 3024 1536 3104 lectio,

256 3127 380 3187 ironice
420 3126 468 3187 ita
498 3128 608 3202 poeta,
639 3127 697 3187 sed
720 3127 883 3202 frigidius,
916 3127 1039 3187 dixerit
1068 3142 1202 3188 necesse
1227 3129 1288 3187 est.
1324 3125 1476 3201 cogitavi
1499 3128 1538 3188 de

258 3228 448 3303 corrigendo
479 3225 711 3306 ίριώλακος,
741 3227 1035 3304 turbulentae,
1068 3231 1105 3288 ut
1131 3230 1229 3303 poeta
1259 3228 1384 3287 comice
1404 3226 1539 3290 finxerit

257 3325 415 3406 ἐριῶλαξ
439 3328 478 3389 ab
502 3326 608 3406 ίριώλη
638 3328 679 3388 ad
710 3328 964 3390 similitudinem
994 3330 1087 3390 vocis
1110 3325 1263 3406 ἕριβῶλαξ.
1287 3327 1321 3388 Si
1345 3328 1426 3388 nihil
1449 3330 1535 3407 dixi,

257 3431 339 3491 mihi
362 3432 560 3506 ignoscatur.
586 3430 708 3491 Sumus
732 3432 821 3492 enim
845 3432 953 3493 critici
975 3430 1235 3508 suspicacissimi
1256 3430 1459 3492 mortalium.

213 3533 264 3593 Pr.
290 3535 342 3609 58,
358 3535 387 3594 2.
411 3533 538 3594 Dicitur
561 3533 600 3594 de
623 3533 790 3609 Lampone
814 3536 890 3594 vate

391 3635 495 3713 βρύκει
517 3632 573 3713 γὰρ
597 3633 678 3692 ἅπαν
700 3632 733 3693 τὸ
756 3634 869 3710 παρόν,
892 3634 1028 3717 τρίγλη
1053 3630 1085 3693 ei
1107 3630 1164 3692 κᾶν
1189 3633 1319 3711 μάχοιτο.

256 3736 429 3811 ¹ingeniose
452 3736 650 3797 Rutheriord
677 3735 786 3818 Τρίκκη
806 3738 990 3813 proposuit,
1017 3736 1073 3797 sed
1092 3736 1145 3796 fac
1164 3735 1212 3797 ita
1228 3736 1292 3797 dici
1310 3736 1458 3811 potuisse
1478 3752 1537 3812 pro

256 3842 318 3909 τοῖς
349 3834 381 3896 ἐν
413 3837 524 3920 Τρίκκη
553 3839 730 3914 Ἀσκληπιοῦ
761 3835 890 3915 ἱερεῦσιν
919 3844 1029 3913 (,cum
1054 3836 1211 3898 facultate
1235 3836 1385 3898 medica”
1409 3837 1536 3913 Ruth),

257 3940 401 4000 multum
436 3942 549 4000 tamen
584 3954 700 4000 vereor
733 3954 774 3999 ne
809 3939 1017 4000 coniecturae
1051 3939 1113 3999 hoc
1140 3937 1262 4013 obstet,
1295 3938 1379 4012 quod
1408 3954 1472 3999 non
1497 3940 1536 4000 ad

257 4040 371 4101 urbem
395 4041 428 4102 in
453 4040 547 4101 Pindi
569 4041 694 4101 montis
713 4040 813 4101 sitam
834 4041 1011 4115 radicibus,
1035 4041 1092 4100 sed
1117 4041 1192 4107 (nisi
1216 4039 1380 4109 Piraeum)
1402 4041 1442 4100 ad
1462 4040 1536 4100 vici.

256 4158 335 4202 nam
365 4142 565 4217 Epidaurum
600 4144 688 4218 aegri
723 4142 945 4204 Athenienses
982 4158 1019 4203 se
1053 4143 1199 4204 conferre
1234 4140 1395 4201 solebant.
1432 4141 1536 4216 Quare

256 4244 446 4305 etiamnunc
469 4243 615 4317 praefero
640 4245 752 4304 minus
775 4245 980 4320 ingeniosam
1009 4244 1065 4304 sed
1089 4243 1195 4304 multo
1219 4242 1402 4303 faciliorem
1425 4258 1536 4304 meam

257 4345 478 4407 mutationem
503 4344 677 4423 τρίγλης,
706 4346 791 4420 quod
823 4346 867 4406 sit
896 4347 1070 4421 genetivus
1101 4345 1216 4422 pretii:
1241 4344 1414 4404 mullum
1438 4360 1535 4405 vero

258 4448 294 4509 si
315 4446 592 4522 proposueris
612 4447 649 4508 ei
667 4447 919 4524 praemium,
941 4448 1061 4508 homo
1083 4447 1267 4522 ignavus
1288 4446 1536 4507 voracitate

258 4549 398 4608 victus
422 4547 487 4608 vel
506 4562 694 4623 pugnare
718 4548 957 4609 sustineatl

212 4651 264 4712 Pr.
290 4652 344 4711 65.
376 4649 508 4723 Requiri
539 4649 624 4723 quod
655 4649 778 4709 habent
801 4650 949 4710 Iulianus
973 4651 1005 4710 et
1029 4649 1187 4723 Syuesius
1211 4656 1267 4707 νοῦ
1290 4641 1312 4706 τ’
1338 4645 1454 4708 ἐκείνου
1478 4664 1536 4723 pro

259 4747 291 4812 δὲ
339 4751 426 4810 τοῦδε
468 4752 582 4812 monui
632 4753 708 4811 ante
754 4750 816 4827 Bl.,
861 4751 1131 4811 animadvertens
1176 4750 1321 4825 pessime
1367 4751 1537 4810 concinere

258 4852 359 4914 verba
381 4860 437 4911 νοῦ
463 4848 495 4911 δὲ
522 4852 637 4912 τοῦδε
665 4849 856 4930 μεμνημένοι.
882 4886 921 4896 -
947 4852 994 4914 De
1024 4860 1081 4912 νοῦ
1110 4848 1160 4910 καὶ
1183 4859 1303 4928 φρενῶν
1326 4852 1375 4912 Bl.
1401 4852 1456 4913 cst.
1479 4853 1536 4913 Ar.

258 4955 392 5017 Thesm.
417 4954 493 5014 291.
