3502 5512
846 394 894 454 iil

212 577 263 638 Fr.
289 577 364 638 240.
389 573 593 654 τραπέμπαλιν
612 572 618 655 Ι
639 568 679 635 ἐπ’
707 572 866 654 ἀριστερίάλ
890 576 979 635 recte
1002 574 1066 649 Bl.,
1091 575 1129 634 ut
1151 574 1271 641 dicitur
1294 570 1341 633 ίτιλ
1365 573 1455 646 δεξιά.

213 679 265 739 Fr.
297 678 372 739 250.
404 678 521 738 Suidas
550 693 576 737 s.
603 693 634 737 v.
666 684 845 755 ττρατηγιᾶν
878 678 1048 737 auctorem
1084 676 1164 736 citat
1198 676 1388 752 Iosephum,
1423 676 1535 750 itaque

257 780 344 840 male
367 779 556 841 Pherecrati
578 779 694 838 tribuit
717 778 822 853 Koclr,
846 779 884 838 ut
907 780 1020 837 monet
1043 777 1080 838 Ο.
1105 775 1249 838 Orosius.

213 981 406 1049 'I'elaclidis
433 986 464 1062 1,
490 985 520 1045 3.
552 983 673 1059 Aptius
703 996 803 1056 quam
833 978 944 1051 νόσους
967 995 1041 1040 esse
1064 977 1208 1050 πόνους
1232 983 1364 1056 propter
1387 981 1539 1056 opposita

259 1081 318 1145 ἀλλ’
344 1084 495 1164 αὐτόματα
521 1081 579 1145 ari.
602 1085 743 1146 antehac
766 1083 897 1156 monui;
930 1079 996 1153 δέος
1023 1084 1112 1143 recte
1135 1083 1375 1156 interpretante
1398 1083 1536 1157 Koclrio,

260 1188 421 1250 violenter
444 1187 622 1248 admodum
646 1185 695 1246 Bi.
720 1179 811 1244 οὐδὲν
831 1178 865 1243 δι’
888 1180 1024 1262 ἀνάγκην
1045 1182 1194 1245 coniecit.
1217 1217 1256 1227 -
1277 1184 1334 1243 Vs.
1359 1186 1389 1245 6.
1418 1183 1540 1266 ,ἰχθύες

259 1290 368 1350 torma
390 1289 513 1364 soluta,
546 1290 584 1347 ut
614 1287 648 1346 in
679 1284 901 1360 anapaestis&
933 1284 982 1345 Bl.
1007 1284 1078 1345 Imo
1103 1298 1196 1359 vero,
1225 1287 1262 1345 ut
1289 1286 1398 1348 solent
1425 1286 1541 1369 comici

261 1391 476 1466 antiquiores,
509 1392 545 1450 ut
569 1387 653 1468 βόες,
679 1385 1147 1462 etc.Gf.Archipp.11723.
1175 1387 1214 1446 14
1242 1387 1337 1449 Mein.
1364 1421 1404 1431 -
1428 1388 1484 1448 Vs.
1510 1389 1540 1448 9.

259 1493 388 1569 τούτων,
407 1494 492 1568 quod
511 1491 636 1553 Koclrio
655 1493 708 1551 est
726 1505 800 1565 gen.
820 1491 919 1566 part,
943 1489 1037 1549 valde
1056 1492 1248 1563 suspectum
1268 1493 1334 1563 est;
1355 1490 1404 1551 Bl.
1422 1489 1542 1549 πάντων

260 1596 397 1670 requirit
420 1598 477 1656 aut
499 1593 631 1668 λάπτειν,
653 1591 738 1666 quod
762 1592 991 1668 praetulerim,
1017 1593 1074 1650 aut
1097 1599 1197 1650 πᾶσιν.
1212 1623 1250 1634 -
1265 1590 1321 1651 Vs.
1347 1593 1385 1650 11
1408 1589 1447 1651 ilo
1467 1589 1542 1670 ἐπῆν

261 1714 319 1775 pro
342 1705 442 1777 παρῆν
465 1697 575 1758 nescio
599 1711 641 1756 an
664 1710 743 1756 vere
756 1694 943 1765 ,coniecerit
966 1693 1119 1768 Blaydes.

148 1838 151 1843 ·
219 1800 272 1861 Fr.
300 1800 351 1861 10.
888 1795 924 1855 τά
948 1791 980 1854 δὲ
1004 1794 1119 1874 τήγανα

619 1900 736 1973 σίζοντα
761 1915 808 1959 σοι
832 1897 1000 1976 μολύνεται.
1453 1960 1464 1966 μ

264 2003 420 2078 Proponit
456 2003 547 2064 Kock
578 1999 648 2061 τάν
685 2001 876 2081 τηγάνοις
907 1999 1024 2072 σίζοντα
1061 2015 1108 2060 σοι
1150 1997 1379 2075 μελαίνεται
1414 1999 1542 2084 (τηγάνῳ

263 2105 370 2177 Bentl
395 2107 428 2177 et
451 2106 522 2175 BL).
546 2106 690 2167 sirecte
714 2104 853 2165 coniecit
875 2099 1108 2187 τάντηγοίνοις,
1131 2117 1205 2162 cum
1229 2100 1390 2168 Lobeclrio
1413 2105 1447 2163 et
1469 2103 1543 2163 Mei·

263 2207 359 2268 nekio
383 2207 490 2268 lenius
513 2207 738 2282 rescripserim
762 2205 973 2281 μωλύεται,
996 2205 1048 2264 sin
1071 2205 1198 2278 minus,
1227 2219 1303 2264 cum
1326 2204 1376 2264 Bl.
1429 2233 1456 2270 ,;

310 2306 344 2367 τὰ
369 2304 401 2368 δὲ
424 2307 550 2386 τηγάνια
573 2301 684 2387 (τήγαί
710 2297 760 2378 αὖ)
785 2305 903 2377 σίζοντα
928 2321 975 2364 σοι
998 2304 1179 2381 μελαίνεται,
1204 2320 1249 2366 sc.
1274 2314 1312 2387 τῷ
1331 2302 1460 2390 ἀσβόλῳ,

265 2411 360 2485 quale
391 2409 467 2484 quid
499 2409 614 2469 Koclrii
645 2407 833 2492 coniectura
862 2407 968 2468 multo
999 2406 1198 2481 probabilius
1228 2409 1293 2481 est,
1324 2406 1402 2480 quia
1432 2405 1545 2486 τήγννα

265 2511 382 2582 σίζοντα
417 2511 541 2586 optime
575 2511 700 2571 dictum
735 2524 823 2593 esse*
843 2509 961 2575 docent
995 2508 1157 2583 Magnetis
1185 2507 1223 2568 fr.
1253 2509 1284 2568 ΙΙ
1310 2508 1363 2584 10,
1397 2509 1546 2570 Alexidis

266 2613 305 2673 ir.
334 2613 408 2688 182,
433 2614 463 2687 6,
489 2610 592 2672 (λεια.
617 2610 668 2671 Al.
692 2611 790 2681 Paed.
814 2610 846 2670 II
872 2612 900 2670 1.

224 2716 276 2776 Fr.
300 2716 349 2790 14,
373 2716 403 2775 2.
425 2713 603 2774 Infeliciter
620 2712 734 2773 Nauck
754 2705 934 2771 ὁθούνεκ’
957 2707 1145 2784 ἕττιν,οιεο(1
1158 2713 1210 2770 est
1221 2711 1367 2786 tragicae
1380 2713 1543 2774 dictionis.

267 2816 374 2877 Teneo
409 2815 492 2889 quod
527 2814 693 2890 proposui,
724 2828 784 2874 nec
814 2826 970 2873 curcum
1002 2810 1125 2872 Koclrio
1156 2809 1230 2888 ἔχων
1262 2816 1409 2874 mutetur
1432 2815 1464 2873 in
1488 2813 1545 2892 ἔχει

267 2917 361 2977 video
392 2931 537 2977 causam.
569 2915 633 2991 Bt,
666 2916 721 2989 qui
752 2914 895 2990 praefert
916 2927 1030 2974 meum
1054 2911 1112 2987 ὅτι,
1135 2914 1279 2988 optimae
1303 2914 1416 2975 Oobeti
1440 2917 1543 2977 conie-

267 3021 380 3080 cturae
409 3017 604 3097 βδελύττομαι
634 3016 756 3077 iniuria
786 3015 957 3089 obmovet,
989 3016 1037 3075 ita
1063 3014 1186 3073 τάλαινα
1211 3016 1282 3075 sine
1306 3017 1444 3078 articulo
1467 3020 1544 3079 scri·

266 3123 360 3195 ptum
380 3121 538 3193 oportere.
562 3118 683 3179 Utrum
711 3115 890 3194 <αλσχρός>
918 3113 1011 3190 ἐστιν,
1033 3119 1071 3177 ut
1094 3133 1154 3190 ego
1177 3116 1376 3194 scribebam,
1401 3135 1442 3179 an
1467 3118 1545 3179 ἐστιν

271 3219 463 3299 <αἰσχρὸς>,
484 3219 570 3294 quod
593 3219 684 3280 Koclr
707 3218 871 3294 coniecit,
885 3233 1002 3285 rerum
1025 3218 1084 3293 sit,
1110 3219 1219 3278 dirimi
1242 3220 1366 3293 nequit.

223 3324 273 3384 lir.
302 3324 351 3383 16.
384 3321 542 3398 Opposuit
571 3320 687 3380 Koolrii
710 3322 808 3380 notae
832 3319 945 3387 Nauck
969 3319 1039 3381 oin
1063 3320 1180 3383 1197?
1206 3335 1234 3380 a.
1261 3321 1296 3395 4,
1322 3320 1376 3380 ubi
1400 3321 1546 3395 tragicus

269 3424 409 3484 occurrit
433 3443 597 3496 ...ιππος,
618 3423 639 3482 i.
664 3437 691 3482 e.
718 3421 918 3493 iNo'clmnog.
1490 3483 1493 3487 ⁴

223 3526 275 3586 Fr.
299 3525 351 3585 20.
376 3524 491 3597 Koclrii
514 3523 629 3584 notula
655 3523 830 3596 Blaydesio
854 3523 1021 3598 suggessit
1040 3523 1292 3596 improbabilem
1313 3522 1545 3599 coniecturam,

267 3627 522 3701 grammaticum
545 3623 683 3684 Bekkeri
707 3622 860 3699 διαλαβεῖν
884 3623 1056 3699 scripsisse
1079 3638 1137 3697 pro
1160 3622 1335 3706 διανεμεῖν,
1354 3625 1449 3698 quasi
1468 3636 1546 3685 vero

269 3727 365 3788 facile
388 3729 457 3787 tam
494 3726 626 3785 diversa
660 3723 918 3784 confundantur!

225 3830 275 3890 Fr.
301 3830 353 3889 23.
379 3829 514 3888 Frustra
544 3824 732 3905 ἀνθρώπων,
763 3826 959 3895 vocabulum
984 3825 1213 3901 sanissimum,
1239 3825 1286 3887 Bl.
1312 3827 1545 3902 vexatimpro·

270 3930 432 3991 habilibus
454 3929 650 3989 coniecturis
673 3923 840 4002 ἀναπηδῶν
863 3922 891 3985 θ’
920 3927 972 3987 vel
996 3924 1083 4006 ἔγγὺς
1107 3920 1195 3985 ὄνθ’..

227 4033 278 4093 Fr.
302 4034 355 4093 35.
387 4031 470 4092 Male
500 4031 548 4091 Bl.
580 4030 622 4101 τίς
645 4027 664 4106 ἦ
684 4050 713 4088 τε
736 4026 852 4107 κραυγὴ
876 4025 912 4106 χή
937 4026 1038 4104 δόμων
1062 4027 1238 4104 περίστασις.
1271 4029 1402 4103 Optime
1425 4026 1475 4087 ite
1498 4029 1548 4089 sic

225 4171 226 4174 =
270 4134 415 4208 positum
439 4132 529 4192 caret
547 4131 723 4200 articulo„
1020 4144 1022 4148 ’
1479 4190 1483 4194 ,

226 4234 277 4295 Fr.
303 4235 356 4294 32.
380 4233 515 4293 Incaute
538 4232 586 4292 Bi.
611 4247 668 4307 pro
691 4227 734 4290 ὢν
758 4231 906 4305 postulat
928 4222 961 4289 τί.
985 4231 1157 4291 Sententia
1179 4233 1231 4291 est
1254 4230 1458 4305 imperfecta.

227 4336 278 4396 Fr.
299 4335 352 4410 38,
377 4335 407 4395 2.
449 4334 554 4395 Locus
587 4333 733 4394 nondum
767 4334 920 4407 sanatus,
956 4332 1095 4392 minime
1130 4332 1250 4392 saltem
1291 4331 1439 4391 eiusdem
1475 4346 1547 4391 con·

271 4437 396 4497 iectura
418 4425 510 4508 αάθις
534 4449 591 4508 pro
614 4433 728 4506 μάζαις.

226 4536 278 4597 Fr.
302 4537 354 4597 39.
377 4532 533 4595 Dindorfli
563 4535 771 4596 coniecturae
794 4548 859 4593 non
883 4533 1135 4609 praeferendum
1158 4534 1243 4607 quod
1267 4535 1419 4608 proponit
1441 4533 1491 4594 Bl.
1515 4533 1550 4592 in

272 4637 491 4698 Addendis
515 4653 544 4711 p.
571 4637 646 4696 288.

227 4738 279 4800 Fr.
304 4740 357 4814 41,
382 4740 413 4798 4.
449 4734 528 4796 ἕκατι
562 4753 619 4812 pro
654 4733 740 4795 ἕνεκα
770 4736 836 4811 hic,
869 4739 906 4797 ut
937 4739 992 4797 Ar.
1027 4737 1101 4806 Pac.
1134 4737 1197 4796 699
1229 4738 1263 4795 et
1292 4735 1369 4817 Lys.
1399 4736 1474 4810 306,
1507 4751 1550 4796 ex

272 4839 419 4915 parodia,
444 4841 482 4899 ut
508 4854 556 4899 vs.
582 4841 601 4900 2
625 4835 684 4913 ἔφυ
707 4853 765 4913 pro
788 4834 910 4916 ἐγένετο.
986 4847 988 4851 ’

227 4940 279 5001 Fr.
303 4941 401 5016 42,1.
425 4938 477 5009 τὰς
501 4932 528 4998 δ’
555 4935 697 5005 ἀναλύειν
719 4940 809 5001 recte
830 4939 882 5001 Bi.
898 4972 936 4982 —
950 4938 1007 5000 Vs.
1033 4941 1063 5000 2.
1087 4937 1185 4997 πάντα
1204 4955 1262 5015 pro
1282 4935 1358 4997 αὐτὰ
1381 4937 1549 4999 Richards.
