3502 5512
834 367 893 425 187

245 574 352 629 napa,
371 569 471 628 quom
493 555 682 615 coniectura
704 553 735 612 ei
758 552 931 613 obtrudere
954 551 1060 612 voluit
1083 545 1184 611 Koclr.
1209 551 1291 610 Nam
1313 547 1523 626 ὡδοποιημένη

245 657 331 721 (cum
369 670 422 714 vv.
447 654 480 715 ll.
506 651 728 730 ὁδοποιοομένη
764 655 798 713 et
834 648 1088 728 ὁδοποιησομένη)
1123 652 1206 711 Χοο.
1242 652 1346 712 Auab.
1381 651 1409 708 V
1441 653 1469 726 3,
1506 657 1519 710 l

245 755 356 829 procul
379 755 476 816 dubio
500 759 589 817 recte
613 755 645 815 in
669 751 882 832 ὡδοποιημένη
903 754 1281 816 mutavitDindoricoll.
1296 753 1523 828 He11.v4,39‚

246 872 305 916 nec
337 856 537 917 scholiastae
571 856 667 931 Vesp.
693 858 758 917 836
794 852 1112 931 ὀνοματοπεποιησθοι
1144 856 1239 928 (quod
1271 856 1354 915 citat
1376 855 1435 924 Bl.)
1463 855 1524 914 hac

246 958 278 1016 in
303 974 337 1018 re
360 959 543 1018 testimonii
566 959 664 1018 dictio
687 960 748 1018 esi.
773 957 875 1018 Recte
898 958 1000 1018 etiam
1023 957 1142 1016 Herod.
1168 956 1244 1015 Vlll
1272 957 1343 1031 129,
1370 957 1388 1015 2
1412 955 1524 1015 διοδοι-

245 1060 425 1135 πορήκεσαν,
458 1061 531 1120 sive
562 1059 644 1118 διωδ.
677 1059 808 1119 mavult
839 1059 888 1119 Bl.
924 1058 1030 1132 Quare
1061 1058 1204 1117 nondum
1237 1057 1342 1117 abicio
1379 1060 1524 1117 veterem

247 1176 355 1220 meam
387 1161 608 1221 coniecturam
641 1156 972 1237 ὀδοιπορήσομεο.
1004 1159 1038 1219 Si
1069 1159 1280 1219 accusativus
1310 1157 1409 1235 ῥύμην
1433 1174 1522 1218 usur-

245 1265 343 1336 patus
362 1262 402 1321 ad
426 1262 613 1336 analogiam
638 1276 707 1321 voc.
732 1256 805 1320 ὁδόν
830 1261 906 1321 ferri
930 1261 1056 1333 nequit,
1084 1261 1187 1321 coniri
1211 1265 1334 1335 potest:

478 1358 578 1441 ὀρθῶς
601 1361 698 1421 κατὰ
721 1360 776 1437 τὴν
799 1360 899 1439 ῥύμην
924 1357 1250 1439 ὀδοιπορήσομεν

245 1465 315 1524 sive
345 1460 446 1538 ὀοοος
477 1465 529 1525 bic
560 1466 676 1525 recte
707 1462 885 1539 siguificat,
918 1465 990 1524 sive
1022 1466 1152 1538 recta,
1178 1466 1214 1523 ut
1238 1464 1320 1524 Rau.
1345 1465 1444 1525 babet
1468 1468 1522 1525 Ar.

228 1556 321 1625 'Pac
350 1567 422 1626 160.

201 1666 252 1725 Fr.
280 1668 329 1742 15,
355 1669 384 1728 2.
417 1668 488 1728 Non
524 1666 662 1728 debebat
693 1665 741 1726 Bl.
773 1682 830 1742 pro
862 1668 1015 1742 corrupta
1047 1667 1186 1727 lectione
1217 1664 1357 1726 traiecto
1388 1667 1524 1743 probare

246 1768 450 1829 Thomanam
486 1767 706 1844 εὐοθεοοοοοο,
740 1769 817 1842 quia
851 1769 899 1828 sic
933 1769 1156 1841 antiquiorum
1198 1770 1365 1829 nemiuem
1400 1769 1524 1828 dixisse

244 1870 327 1929 satis
351 1873 502 1931 constare
527 1870 666 1945 videtur,
697 1885 774 1930 nam
807 1871 861 1929 ubi
885 1869 965 1930 olim
988 1870 1158 1944 legebatur
1182 1868 1255 1930 Eur.
1281 1869 1367 1943 cycl.
1394 1873 1413 1930 2
1437 1875 1524 1930 recte

246 1971 279 2029 L.
304 1971 441 2032 Diodori
468 1972 617 2031 restituit
647 1968 786 2047 ηὐθέοεο,
810 1974 843 2031 et
867 1971 928 2031 boc
952 1971 1023 2044 ipso
1047 1971 1117 2031 loco
1142 1972 1285 2031 Bernard
1308 1974 1415 2031 suasit
1438 1971 1524 2032 εὐθε-

245 2080 365 2130 οοῡντο.
395 2072 541 2132 Nauckio
572 2071 723 2147 placebat
754 2072 909 2132 audacior
941 2070 1054 2131 Cobeti
1077 2073 1265 2131 coniectura
1288 2063 1320 2130 εὖ
1346 2073 1526 2146 πράττοντα,

245 2174 359 2233 melior
377 2188 472 2249 sane,
493 2174 522 2233 si
542 2188 591 2234 vs.
616 2176 631 2233 1
652 2181 749 2245 κακῶς
771 2171 945 2257 διακειμένῳ
965 2171 1129 2246 significat
1148 2173 1328 2233 infelici.
1350 2176 1393 2234 At
1408 2176 1522 2235 eodem

245 2275 314 2334 iure
337 2291 376 2335 ea
401 2275 499 2335 verba
522 2276 664 2352 accipias
687 2276 726 2336 de
750 2277 956 2350 aegrotante,
980 2273 1092 2347 itaque
1116 2289 1194 2334 vera
1220 2273 1347 2334 videtur
1369 2275 1526 2335 Beruardi

246 2377 431 2437 emendatio
448 2377 585 2436 lenitate
597 2392 658 2437 sua
670 2376 973 2437 commendabilior.
994 2376 1041 2436 Gi.
1055 2374 1178 2436 Cratini
1191 2372 1227 2435 ir.
1243 2377 1316 2451 327,
1331 2376 1386 2436 ubi
1398 2376 1524 2436 Lobeclr

246 2479 373 2537 mutato
392 2480 530 2538 accentu
547 2475 665 2537 εὐθέοει
685 2479 773 2539 dedit
792 2493 849 2552 pro
862 2476 993 2553 εὐθετεῖ,
1012 2477 1070 2537 sed
1087 2477 1315 2551 corrigendum
1329 2480 1381 2537 est
1392 2474 1524 2553 ηὐθέοεο.

202 2576 253 2637 Fr.
282 2578 332 2638 17.
981 2577 1053 2638 ὅταν
1077 2575 1169 2662 ἔξλρς,

467 2678 661 2757 πορογάγιον
688 2670 790 2744 (obv)
818 2675 856 2738 άν
880 2676 989 2761 ἐκφέρῃ
1013 2673 1041 2738 σ’
1066 2678 1269 2757 εἰσπράξομοι.

245 2777 393 2839 Correxit
423 2778 532 2841 cobet.
557 2781 605 2841 Bl.
631 2796 694 2841 non
721 2782 830 2842 ferens
856 2781 993 2856 „duram
1016 2782 1184 2852 anapaesti
1209 2781 1436 2857 incisionem”‚
1461 2796 1523 2854 quo

245 2884 339 2955 pacto
375 2871 417 2939 ὧν
451 2882 567 2943 abesse
599 2883 705 2957 possit
734 2882 852 2943 vellem
883 2881 1113 2957 significasset.
1145 2883 1185 2942 at
1215 2883 1350 2942 omnino
1378 2883 1524 2943 duriores

245 2981 320 3041 illae
350 2982 529 3043 incisiones
559 2984 639 3044 adeo
672 2985 803 3045 crebrae
833 2988 925 3059 sunt,
958 2987 993 3043 ut
1017 2984 1140 3044 criticis
1163 2985 1272 3058 magis
1295 2999 1394 3057 quam
1420 2986 1525 3058 poetis

244 3082 451 3156 displicuisse
477 3085 660 3146 videantur.

203 3185 252 3244 l'r.
280 3186 329 3259 18,
355 3186 385 3244 4.
410 3177 441 3242 θ’
467 3201 523 3260 pro
548 3181 574 3245 δ’
602 3188 674 3247 siue
699 3203 799 3248 causa
822 3188 920 3247 idern.

201 3286 252 3345 Fr.
281 3287 329 3346 19.
355 3287 569 3349 probabiliter
592 3289 651 3364 Bl,
676 3289 821 3349 admisso
846 3288 1077 3364 supplemento
1101 3302 1175 3347 meo
1199 3303 1247 3346 vs.
1274 3288 1303 3362 2,
1327 3289 1456 3347 scribit:

446 3393 506 3460 τοῖς
530 3389 706 3466 σνκαμίνοις
731 3385 757 3447 δ’
786 3387 851 3448 άντλ
875 3397 928 3449 τοῦ
952 3390 1071 3464 φύκους
1100 3385 1256 3469 <,ὃρᾷς;>

445 3487 514 3547 ὅλον
538 3489 569 3549 τὸ
594 3489 756 3568 πρόσωπόν
786 3488 873 3552 <tort
898 3487 1207 3566 abrenuntiaturum>

203 3588 253 3648 Fr.
279 3590 330 3648 20.
510 3596 707 3666 πλακοῦντες,
731 3585 966 3668 ἐπιδορπίσματ’,
989 3589 1048 3672 ᾠά,
1071 3591 1200 3666 σήσαμα·

513 3690 585 3768 ὅλην
608 3687 716 3771 λέγοντ’
744 3689 782 3751 άν
806 3687 833 3770 μ’
859 3690 1005 3751 ἐπιλείποι
1028 3687 1053 3769 μ’
1081 3687 1205 3768 ἡμέραν,

247 3792 310 3851 Vix
334 3792 458 3854 sufficit
481 3795 596 3854 Kookii
621 3796 789 3856 correctio.
814 3795 966 3855 Nondum
990 3809 1044 3853 me
1068 3794 1215 3867 poenitet
1237 3792 1463 3867 proposuisse:

514 3895 567 3974 ὅλη
591 3891 700 3976 λέγοντ’
723 3893 760 3953 άν
784 3890 866 3955 πάντ’
894 3893 1038 3954 ἐπιλείποι
1063 3888 1089 3971 μ’
1115 3889 1237 3970 ἡμέραν.

248 3996 393 4056 Omnia
416 3997 558 4059 dicere
584 4000 799 4060 volentem
825 4000 943 4058 totus
968 4012 1028 4057 me
1052 3995 1233 4056 deficiat
1256 3996 1356 4056 dies.

202 4098 252 4156 Fr.
279 4099 330 4174 22,
357 4100 386 4158 2.
456 4098 568 4177 πόστην
592 4098 774 4176 ὑφοδώσεις,
796 4099 972 4176 παιδάριον,
997 4098 1113 4178 ράμην;
1138 4100 1169 4156 Β.
1193 4097 1304 4175 τρίτην,

458 4197 473 4260 ὁ
497 4200 553 4279 γάρ
577 4199 725 4273 στένωπος
746 4194 834 4272 οὗτος
859 4199 897 4260 ἐν
922 4199 1135 4277 Ἀθήνησιν
1159 4191 1213 4277 ἦν.

245 4302 277 4361 Si
310 4304 403 4361 va.2
439 4319 555 4363 revera
592 4307 644 4364 est
675 4304 867 4381 Philippidis
905 4305 1043 4378 (praeter
1082 4302 1280 4362 Meinekium
1314 4303 1376 4362 vid.
1413 4302 1524 4362 Nauck

245 4403 317 4464 Mel.
345 4403 386 4462 VI
415 4406 496 4480 133),
522 4407 627 4466 conici
651 4407 789 4480 poterit:

460 4502 475 4565 ὁ
499 4506 555 4585 γάρ
580 4504 730 4578 στένωπος
755 4499 842 4578 οὗτος
866 4501 908 4565 ὃν
932 4503 1131 4581 ἐσήμηνεν
1156 4495 1205 4581 ἦν.

245 4608 315 4668 scil.
341 4609 472 4685 aliquis,
498 4611 537 4670 de
560 4625 623 4684 quo
645 4625 755 4670 sermo
780 4610 841 4668 fuit
864 4609 897 4668 in
921 4608 1134 4681 praegressis.
1162 4607 1277 4666 Kockii
1301 4607 1524 4668 coniecturam

246 4706 277 4766 ἐν
301 4707 463 4785 debboram
487 4702 524 4788 ἦν
548 4727 612 4772 non
638 4712 805 4787 intellego.

204 4809 254 4869 Fr.
280 4812 332 4871 23.
788 4803 875 4883 οὖτος
899 4809 991 4870 οἴεται
1014 4810 1281 4889 περισπάσειν

445 4913 604 4992 κερμάτιον
628 4913 732 4975 αὐτοῦ.
