3502 5512
841 359 900 417 167

210 547 261 607 Fr.
286 548 360 622 481,
387 547 416 607 3.
442 547 573 622 Optimo
596 547 709 608 Nauck
740 561 798 623 pro
825 544 903 605 οἰκία
927 545 1100 607 substituit
1124 544 1225 628 στέγη,
1248 551 1342 610 cuius
1366 549 1532 623 glossema

254 652 319 724 est,
352 653 389 708 ut
412 649 509 723 Sopb.
533 648 616 708 Phil.
642 649 706 708 298
730 647 833 709 schol.
858 644 944 726 στέγη
968 662 1025 723 per
1048 647 1128 708 οἰκία
1153 651 1397 725 interpretatur.
1423 652 1532 725 sequi·
1626 710 1629 715 .

253 751 320 809 oris
350 751 541 825 graecitatis
572 750 603 810 h.
628 766 655 810 s.
680 749 876 811 vocabulum
909 742 990 821 οἶκος
1018 750 1237 812 substituerat
1261 753 1409 827 Bentley,
1435 768 1533 826 quem

254 851 480 926 imprudentes
515 851 662 912 Meinelre
697 855 728 912 et
765 850 858 912 Kock
888 852 995 912 secuti
1025 855 1113 912 sunt.
1149 853 1249 914 Vs.3
1281 869 1329 927 sq.
1362 854 1462 929 igitur·
1485 855 1533 914 sic

255 951 456 1026 corrigendi:

519 1051 606 1132 στέγη
630 1047 671 1131 l',
693 1050 725 1113 ἐν
748 1046 768 1136 ᾗ
790 1050 826 1112 τὰ
849 1052 947 1112 πάντα
970 1053 1114 1131 πρωτεύει
1138 1053 1230 1134 γυνή,

519 1153 576 1215 οὐκ
598 1153 677 1214 ἔστιν
699 1152 719 1231 ἢ
742 1176 786 1225 τις
809 1148 918 1213 πώποτ’
945 1151 1001 1214 οὐκ
1024 1151 1164 1215 ἀπώλετο.

255 1257 309 1329 qui
331 1259 444 1316 tamen
467 1256 573 1316 mirus
596 1259 649 1317 ost
673 1255 847 1316 verborum
872 1256 950 1317 ordo
973 1270 1030 1331 pro
1054 1256 1131 1317 hoc:

520 1350 667 1418 οὐπώποτ’
695 1353 774 1416 ἐστὶν
797 1355 860 1434 ἥτις
885 1355 941 1417 οὐκ
964 1355 1110 1433 ἀπώλετο,

254 1459 307 1531 qui
332 1458 405 1518 vide
429 1473 471 1519 an
494 1458 722 1520 restituendus
745 1459 800 1518 sit.

211 1559 261 1619 Fr.
285 1560 361 1634 488,
387 1560 416 1620 2.
448 1559 589 1619 κάκιστον
621 1574 679 1635 pro
713 1556 851 1638 μέγιστον
882 1558 949 1618 iam
979 1560 1106 1634 pridem
1139 1562 1284 1620 correxit
1318 1562 1431 1622 Nauck
1460 1562 1532 1623 Mel.

255 1660 298 1718 IV
318 1676 348 1734 p.
373 1662 448 1720 722.
473 1661 605 1735 Repetit
627 1662 663 1720 ut
687 1674 787 1721 suum
811 1658 963 1732 Blaydes.

212 1761 261 1821 Fr.
286 1763 351 1821 506
374 1775 416 1821 ex
440 1762 479 1822 fr.
504 1762 568 1822 537
593 1763 786 1838 corruptum
810 1759 949 1836 putabat
972 1760 1087 1837 Cobet,
1112 1763 1272 1836 probante
1297 1764 1452 1823 Nauckio.

211 1863 361 1938 111509,
388 1864 418 1923 2.
460 1863 627 1943 γεραίτερος
669 1879 729 1939 pro
762 1860 858 1942 γέρων
894 1859 985 1941 ἐρῶν,
1023 1863 1097 1923 coll.
1133 1864 1171 1924 fr.
1211 1865 1285 1939 136,
1323 1864 1441 1939 Nubel,
1478 1865 1532 1936 qui

254 1964 390 2024 Nauckii
413 1964 492 2025 tulit
515 1979 701 2026 assensum.

213 2066 265 2126 Fr.
288 2065 363 2143 518,
392 2067 441 2127 13.
473 2066 611 2142 Propter
641 2064 764 2149 κρεᾴδια
788 2067 981 2127 crediderim
1006 2065 1106 2144 κίχλας
1131 2066 1162 2127 h.
1187 2065 1208 2125 l.
1233 2081 1298 2126 non
1322 2081 1422 2125 aves
1445 2081 1532 2141 esse,

255 2170 293 2228 ut
315 2166 453 2243 putabat
476 2168 510 2227 in
533 2167 644 2228 Indice
668 2167 791 2243 iacobi,
816 2167 874 2227 sed
898 2168 1048 2241 pisces.
1075 2166 1157 2242 Quia
1180 2165 1283 2226 codex
1307 2168 1336 2227 A
1362 2166 1461 2226 habet
1485 2165 1534 2225 καί

255 2267 440 2346 τραγήματα,
469 2266 540 2328 lieri
567 2270 689 2345 potest,
722 2271 759 2329 ut
790 2267 962 2348 τραγήματα
993 2271 1196 2343 (suspectum
1224 2269 1326 2328 stiam
1350 2267 1535 2342 Blaydesio)

255 2371 299 2430 sit
329 2369 536 2446 glossatoris,
569 2370 718 2431 additum
742 2372 875 2446 propter
897 2385 1038 2445 sequens
1062 2370 1200 2432 verbum
1224 2370 1477 2449 τραγηματίζεται,
1503 2373 1536 2430 et

158 2487 166 2507 '
256 2475 351 2547 poeta
374 2471 499 2531 dederit
522 2486 593 2532 v.c.
617 2469 667 2530 καί
694 2470 960 2550 <τριχλίδας>.-
980 2472 1035 2532 VS.
1059 2474 1109 2532 14.
1134 2469 1232 2530 ἔπειτα
1256 2469 1327 2547 μετὰ
1347 2470 1469 2530 δεῖπνον
1489 2473 1535 2539 (at

255 2572 302 2631 ita
331 2570 516 2632 subiectum
548 2573 611 2634 erit
637 2567 656 2648 ἡ
688 2571 884 2652 δημιουργὸς,
906 2574 990 2648 quod
1021 2572 1213 2642 absurdum)
1245 2575 1302 2632 aut
1333 2567 1535 2648 ὁὸεατνήοας

256 2672 303 2734 Bl.
329 2673 391 2733 Sed
415 2672 455 2732 ci.
480 2672 582 2734 Koclr.

212 2775 263 2834 Fr.
289 2775 364 2835 520.
390 2774 426 2832 In
451 2776 548 2849 poeta
572 2776 673 2837 attico
696 2776 902 2851 requirebam
925 2779 989 2834 τοῖν
1013 2778 1047 2836 et
1069 2775 1194 2836 τούτοιν.

300 2876 446 2935 incertae
476 2876 612 2951 originis
635 2878 831 2952 fragmentis
854 2877 1023 2937 Menandri
1046 2877 1187 2937 accessit
1210 2891 1228 2936 s
1251 2876 1438 2937 Philetaero
1461 2875 1534 2935 Vat.

256 2979 305 3038 ed.
337 2977 426 3039 Cohn
458 2978 490 3037 in
521 2978 601 3040 MuS.
631 2979 735 3041 Rhen.
764 2996 792 3040 a.
821 2979 906 3039 1888
929 2995 960 3054 p.
985 2979 1050 3039 415
1074 2980 1151 3039 hoc:
1180 2975 1334 3055 μειράκιον
1357 2974 1407 3035 καὶ
1430 2979 1535 3053 μεῖραξ

256 3077 399 3157 διαφέρει·
434 3079 587 3155 μειράκιον
622 3075 676 3158 μὲν
706 3079 762 3160 γὰρ
793 3077 809 3140 ὃ
840 3077 945 3158 ἄρρην·
975 3077 1034 3139 ἔστι
1066 3075 1097 3138 δὲ
1127 3074 1243 3155 ἡλικίας
1274 3075 1385 3155 ὄνομα,
1410 3077 1450 3148 ὥς
1474 3099 1535 3137 που

257 3178 415 3242 διαστέλλει
440 3181 624 3260 Μένανδρος
648 3179 742 3260 λέγων

554 3319 616 3362 ῦ-
639 3281 766 3361 ἔφηβος,
790 3282 959 3360 μειράκιον,
982 3278 1074 3359 ἀνήρ,
1096 3278 1201 3359 γέρων.

256 3384 484 3460 suppleverim
504 3387 614 3461 potius
633 3385 762 3463 βούπαις
782 3399 880 3458 quam
901 3383 1129 3458 cardinalium
1149 3385 1183 3442 et
1201 3382 1281 3442 illud
1298 3382 1460 3441 incertum
1479 3381 1533 3442 sit.

212 3488 263 3548 Fr.
289 3488 363 3562 530,
389 3487 419 3546 8.
453 3486 597 3564 Τρόφιμε,
631 3486 704 3548 coll.
730 3487 809 3561 581,
837 3487 851 3545 1
886 3487 920 3545 et
953 3487 1002 3560 16,
1031 3487 1120 3545 recto
1143 3484 1203 3558 131,
1228 3485 1283 3557 qui
1307 3498 1356 3543 vs.
1382 3483 1435 3556 21,
1459 3481 1537 3542 licet

256 3589 326 3664 ipse
361 3588 508 3649 conferat
541 3586 728 3665 ἀπομάσσειν
763 3588 842 3656 limo
877 3583 1066 3663 αἰμομάττειν)
1100 3585 1192 3644 Dem.
1225 3601 1255 3659 p.
1287 3584 1362 3658 313,
1390 3585 1440 3657 17,
1471 3599 1535 3643 non

257 3691 363 3766 potuit
391 3691 555 3750 abstinere
587 3706 606 3750 a
637 3689 702 3750 levi
734 3688 923 3749 coniectura
952 3685 1209 3764 κερορανίτοοαο,
1237 3701 1337 3760 quam
1368 3688 1537 3758 praeterea

258 3794 349 3851 vetat
369 3806 416 3851 va.
432 3793 484 3868 23,
505 3808 570 3852 non
591 3790 711 3852 melius
731 3791 764 3850 in
785 3806 833 3849 vs.
849 3790 890 3849 23
910 3789 1028 3863 φακούς
1049 3790 1184 3848 mutans
1204 3789 1237 3848 in
1257 3785 1350 3864 συχνοί
1363 3787 1414 3846 vel
1427 3784 1535 3844 πυκνά.

213 3894 263 3953 Fr.
289 3895 363 3969 531,
392 3894 431 3953 13
445 3908 493 3967 sq.
519 3892 701 3967 Displicent
724 3907 811 3952 nova
829 3890 995 3964 Blaydesii
1015 3906 1046 3965 p.
1060 3890 1125 3950 219
1148 3888 1341 3949 tentamina.
1356 3921 1395 3930 -
1413 3887 1468 3947 Vs.
1486 3887 1535 3947 18.

257 3994 473 4055 Abbianditur
504 3993 585 4054 mihi
618 3994 757 4053 Nauckii
786 3992 976 4053 coniectura
1006 3985 1069 4050 ὥστ’
1103 3987 1162 4048 ἀνὰ
1193 3988 1307 4067 μέρος
1336 4009 1396 4048 ,τοο
1423 3987 1471 4048 καί
1505 3987 1536 4048 τὸ

256 4094 437 4173 λυπηρὸν
461 4093 540 4173 φέρε.

213 4198 264 4256 Fr.
289 4199 363 4272 532,
389 4199 418 4258 6.
445 4193 586 4268 ἐξετάζειν
607 4196 737 4268 (Bentl.)
761 4189 823 4271 μήτ’
850 4191 958 4271 ἀθρεῖν
983 4193 1046 4270 ΒΙ.,
1072 4191 1204 4264 ἐξετάσαι
1228 4187 1292 4270 μήτ’
1323 4182 1438 4256 (οὖν)
1462 4191 1537 4250 ἰδεῖν

258 4299 347 4360 Ellis.
362 4332 399 4340 -
418 4299 471 4358 Vs.
500 4300 550 4359 15.
575 4295 694 4373 diptica
718 4312 829 4357 meum
854 4297 970 4372 probat
991 4295 1056 4370 Bl,
1078 4295 1194 4355 deinde
1214 4295 1361 4355 scribens
1380 4288 1408 4352 θ’
1424 4288 1537 4370 ἡλίκον.

215 4401 264 4460 Fr.
292 4401 366 4476 533,
393 4404 421 4460 6.
458 4400 569 4459 Nauck
601 4415 618 4460 e
649 4399 738 4459 Stob.
770 4399 840 4458 ilor.
867 4399 919 4473 86,
953 4399 972 4457 6
1005 4396 1177 4456 substituit
1209 4394 1284 4474 ἔχοις
1308 4395 1383 4455 lietu
1407 4391 1444 4452 ἂν
1468 4389 1535 4454 οὐδ’

258 4500 365 4578 εἰπεῖν,
395 4517 595 4577 quamquam
627 4501 758 4562 mavult
789 4500 883 4560 εἰπεῖν
914 4495 952 4558 ἂν
984 4493 1049 4558 οὐδ’
1086 4498 1169 4558 ἰδεῖν.
1195 4534 1235 4542 -
1260 4499 1315 4560 Vs.
1348 4500 1378 4559 9.
1411 4497 1538 4557 Tuebar

255 4602 352 4677 φίλων
372 4601 497 4681 ἐρημίαν
521 4606 668 4678 (,carent
692 4603 809 4663 amicis
833 4602 1066 4677 cognatisque,
1093 4616 1111 4661 a
1139 4601 1257 4674 quibus
1281 4602 1312 4661 id
1337 4601 1462 4660 discere
1485 4615 1537 4675 po·

258 4706 435 4776 tuissent”)
460 4707 494 4764 et
516 4720 647 4765 mecum
673 4705 721 4764 Bl.

214 4807 265 4866 Fr.
291 4808 366 4882 534,
392 4810 422 4867 5.
456 4798 543 4877 οὗτος
585 4810 673 4866 reete
706 4808 817 4866 tuetur
847 4804 895 4864 Bl.
932 4836 974 4845 —
1006 4804 1060 4863 Vs.
1093 4804 1214 4865 9-11.
1253 4804 1317 4863 Vix
1340 4806 1428 4863 recte
1452 4803 1540 4864 delet

258 4907 365 4981 Kook;
397 4908 549 4981 equidem
580 4910 676 4968 teneo
709 4909 854 4967 veterem
888 4920 998 4966 meam
1030 4906 1242 4966 sententiam.
1268 4937 1308 4948 -
1333 4904 1389 4965 Vs.
1416 4905 1466 4965 11.
1491 4904 1539 4964 Bl.
