3502 5512
860 347 922 405 170

274 524 426 586 Ceterum
456 528 534 600 quin
563 529 628 587 seri
657 530 829 607 poetastri,
863 546 926 591 non
958 530 1141 603 Menandri,
1173 528 1207 587 hi
1239 542 1355 587 versus
1385 525 1454 586 sint
1483 525 1554 585 nul·

274 626 327 686 lus
351 626 472 688 dubito.

229 728 281 790 Fr.
305 730 380 804 555,
406 730 436 789 3.
471 733 532 800 τοῖς
563 732 640 802 ζῶσι.
672 731 718 793 ct.
748 734 823 809 593,
849 734 879 794 3.
910 733 997 793 Num
1029 732 1105 807 quid
1134 730 1330 792 mutandum
1361 729 1406 789 sit
1428 729 1553 790 dubito.

274 828 356 889 Cum
381 831 428 891 Bl.
453 831 568 891 malim
591 832 700 906 ποίνιες
720 829 747 894 d'
774 834 815 906 εἰς
839 831 871 894 τί
893 856 933 914 γε.

230 930 281 990 Fr.
307 933 381 1007 556,
408 933 437 992 3.
462 931 542 1010 οἴμοι
567 932 636 1017 λέγῃ
657 938 725 1005 (aut
749 936 816 1019 βοᾷ)
842 937 932 997 suasi
956 940 1033 997 ante
1052 935 1116 1011 Bl.,
1141 937 1239 993 λαλεῖν
1260 933 1321 993 hoc
1341 947 1442 992 sensu
1462 946 1554 991 usur·

274 1035 387 1106 patum
412 1036 600 1108 aequiorum
624 1052 698 1098 esse
722 1054 872 1101 monens.

231 1134 282 1193 Fr.
309 1134 383 1210 557,
411 1136 441 1194 4.
469 1141 529 1207 τοῖς
553 1135 715 1216 ἀλλοτρίοις
740 1143 846 1201 metro
870 1140 1056 1215 damnatur,
1081 1137 1139 1198 sed
1163 1137 1288 1197 incerta
1311 1137 1363 1195 est
1386 1134 1556 1194 correctio.

275 1234 338 1293 Vix
362 1239 450 1296 recte
473 1241 534 1308 τοῖς
558 1235 701 1311 ἐναντίοις
726 1240 830 1316 Κοολτ,
855 1238 975 1300 melius
995 1238 1043 1299 Bl.
1064 1241 1139 1297 τοῖσι
1157 1245 1216 1295 τῶν
1235 1233 1340 1310 πέλας,
1358 1234 1416 1294 sad
1436 1250 1556 1309 parum

275 1337 441 1410 eleganter
459 1340 607 1413 repetitis
631 1341 740 1402 verbis
764 1343 797 1402 in
821 1341 936 1403 eadem
960 1341 1036 1401 sede
1060 1339 1155 1400 lectis
1178 1352 1227 1398 vs.
1254 1339 1272 1396 2
1297 1335 1421 1410 (quidni
1445 1336 1557 1411 potius

275 1441 334 1507 τοῖς
369 1446 441 1496 τῶν
478 1441 700 1516 πλησίονλ);
740 1444 832 1503 Idem
852 1439 1068 1519 προστιθέασιν
1098 1436 1261 1517 ἀλλοτρίοις
1289 1436 1438 1516 dxciv),
1468 1440 1555 1511 quod

276 1539 370 1599 valde
389 1540 549 1615 displicet.
573 1543 625 1603 Ita
648 1544 737 1604 enim
760 1542 922 1622 ἀλλοτρίοις
946 1543 1075 1604 soloece
1099 1543 1275 1617 poneretur
1299 1556 1357 1616 pro
1380 1536 1489 1611 ἄλλοις.

231 1640 282 1699 Fr.
308 1641 382 1716 558,
408 1642 437 1702 2.
463 1643 734 1717 supplementum
760 1661 871 1706 meum
896 1644 1013 1722 probat
1036 1644 1084 1705 Bl.

231 1741 282 1800 Fr.
296 1744 371 1802 560.
392 1744 496 1804 Locus
515 1749 567 1806 est
586 1748 868 1824 corruptissimus
890 1747 975 1822 quod
994 1749 1123 1823 praeter
1135 1742 1342 1807 deficientem
1354 1742 1556 1815 sententiam

276 1845 385 1918 arguit
417 1845 574 1905 συνοικίαν
600 1850 711 1923 inepte
743 1852 934 1924 usurpatam
969 1865 1027 1924 pro
1061 1846 1160 1907 οίιιίαν
1191 1848 1225 1906 et
1255 1844 1377 1904 οιίιετῶν
1407 1859 1465 1918 pro
1497 1851 1557 1902 τῶν

277 1944 412 2021 οἰκετῶν,
441 1962 523 2020 quae
546 1950 627 2010 vitia
652 1965 718 2011 non
743 1965 861 2010 curans
885 1950 976 2010 Koclr
1000 1950 1102 2009 nimis
1124 1947 1187 2008 sibi
1213 1947 1363 2021 placebat
1383 1961 1431 2005 vs.
1453 1947 1472 2003 3
1496 1959 1556 2019 pro

277 2046 408 2107 traditis
438 2045 512 2107 ἀλλὰ
541 2047 761 2128 παρέλιπον
791 2049 914 2110 οἰκετῶν
943 2042 1047 2109 εἶναι
1071 2047 1173 2107 στάσιν
1196 2048 1403 2108 substituens
1433 2041 1507 2105 ἀλλ’
1533 2042 1554 2123 ἢ

276 2149 521 2227 παρενείρων
544 2150 665 2210 οἰκετῶν
688 2156 826 2212 θεῖναι
849 2152 965 2226 στάσιν,
988 2151 1079 2228 prius
1103 2150 1254 2224 verbum,
1284 2147 1368 2223 quod
1391 2147 1555 2221 sequioris

277 2251 329 2308 est
362 2265 456 2327 usus,
493 2267 655 2328 usurpans
689 2256 726 2313 ut
756 2268 918 2327 nusquam
950 2252 1134 2327 adhibetur,
1167 2251 1331 2325 posterius
1363 2251 1398 2308 ut
1420 2248 1554 2322 tragici,

277 2364 341 2409 non
367 2353 496 2428 comici,
521 2353 609 2427 loqui
633 2352 790 2415 assolent.
815 2353 931 2415 Melius
956 2356 1043 2414 certe
1074 2351 1301 2428 proposuisset
1323 2344 1380 2408 ἀλλ’
1408 2345 1427 2426 ἢ
1455 2347 1552 2411 <οὐ>

277 2452 521 2528 παραλείπων
550 2455 672 2514 οἰκετῶν
702 2460 833 2515 ποιεῖν
863 2455 980 2529 στάσιν,
1007 2454 1103 2514 modo
1131 2452 1252 2512 οἰκετῶν
1276 2450 1415 2512 articulo
1442 2466 1554 2512 carere

276 2553 389 2625 possit.
411 2553 499 2628 Quod
523 2556 552 2615 si
571 2554 641 2616 ileri
660 2558 787 2632 nequit,
807 2557 952 2618 nondum
966 2571 1020 2616 me
1040 2556 1186 2631 poenitet
1205 2553 1328 2614 veteris
1347 2553 1555 2614 coniecturas

278 2669 326 2713 vs,
341 2654 359 2712 2
373 2669 442 2728 sqq.
461 2652 516 2734 tyb
539 2653 571 2714 τὸ
594 2655 716 2740 ,σῴζειν
733 2657 831 2728 <robe
851 2657 974 2728 θεοὺς)
997 2653 1052 2733 τὴν
1071 2654 1204 2731 οἱιιίαν”,
1225 2650 1229 2734 Ι
1250 2652 1324 2713 ἀλλὰ
1346 2653 1554 2732 ,παρέχειν

276 2762 348 2812 τῶν
372 2754 493 2814 οἰκετῶν
512 2750 588 2816 εἶναι
608 2757 710 2817 στάσιν
732 2753 736 2840 Ι
757 2756 845 2817 ἔνδον
868 2752 935 2834 παρ’
962 2755 1063 2839 aava*
1089 2766 1210 2835 πρᾶγμα
1233 2755 1466 2834 χρησιμώτατον,
1489 2756 1552 2815 1.·3.

276 2870 333 2929 pro
357 2856 483 2930 vulgari
506 2859 651 2932 precium
676 2859 818 2919 formula
841 2859 942 2919 aliam
967 2874 1031 2919 non
1056 2859 1167 2918 minus
1190 2855 1355 2918 efficacem
1377 2855 1554 2917 substituo·

277 2954 363 3016 bam.
387 2955 574 3032 compluria
605 2959 644 3018 de
669 2976 760 3021 more
784 2961 969 3020 tentamina
992 2960 1137 3034 profudit
1159 2959 1252 3020 ferax
1276 2957 1441 3032 Blaydesii
1466 2956 1553 3030 inge·

276 3056 383 3131 nium,
407 3073 545 3131 quorum
569 3062 682 3119 tamen
706 3060 787 3119 nihil
812 3061 985 3120 satisfacit.

232 3157 283 3216 Fr.
308 3158 383 3219 561.
407 3166 458 3235 τῆς
477 3169 562 3231 outae
582 3159 635 3236 τὴν
654 3162 830 3239 πορφύραν,
851 3162 870 3222 1.
889 3176 916 3221 e.
937 3175 1129 3236 purpuram,
1151 3176 1250 3234 quam
1272 3160 1357 3220 resti
1375 3159 1554 3220 intexendo

276 3259 394 3319 umbra
424 3260 578 3336 efficitur;
611 3264 784 3337 opponitur
814 3262 970 3341 λευκόν,
999 3264 1152 3337 Ιιιιοοο,
1188 3276 1235 3322 vs.
1262 3263 1293 3322 8.
1318 3261 1493 3336 Perperam
1519 3269 1555 3343 τῇ

277 3371 344 3442 σιιιρ
368 3361 415 3421 Bl.
440 3362 564 3437 absque
587 3364 654 3425 ullo
678 3381 788 3426 sensu.

232 3461 284 3521 Fr.
309 3463 384 3537 562,
413 3464 439 3523 1.
464 3465 551 3525 Bene
575 3474 637 3536 πῶς
661 3470 773 3527 tuetur·
796 3468 855 3542 Bt,
881 3467 968 3526 male
992 3465 1174 3525 sollicitans
1198 3463 1324 3523 οιιννύω
1349 3479 1397 3524 vs.
1423 3464 1452 3523 3.

232 3563 282 3624 Fr.
308 3567 382 3639 563,
410 3568 437 3626 l.
461 3566 627 3628 Plutarchi
648 3568 748 3629 verba
767 3584 840 3629 esse
861 3571 956 3643 putat
978 3566 1041 3642 Bi,
1067 3566 1178 3626 nescio
1203 3581 1244 3626 an
1267 3567 1422 3625 recte.—
1442 3564 1497 3624 Vs.
1523 3565 1554 3624 2.

276 3669 296 3729 l.
317 3664 495 3748 γλ<γ>νομ’
518 3675 550 3730 ei
571 3673 649 3730 noia
669 3671 825 3730 festivum
846 3684 1030 3744 oxymoron
1042 3665 1145 3737 λεπτὸς
1158 3660 1271 3746 γίγνομ’
1286 3664 1499 3743 εὐωχούμενος.
1513 3699 1553 3709 -

278 3769 331 3830 Vs.
357 3773 386 3831 3.
418 3769 453 3828 τὰ
483 3769 644 3848 οιιεμμάιια
676 3772 835 3844 hodieque
866 3787 919 3831 me
948 3785 1025 3830 vere
1048 3769 1233 3829 correxisse
1257 3767 1407 3827 arbitror.
1432 3766 1557 3826 Iniuria

277 3872 368 3931 Kock
383 3873 478 3931 -mihi
510 3872 628 3932 obiecit
651 3873 847 3932 deminutivi
872 3887 983 3945 usum,
1015 3871 1181 3944 aptissimi
1206 3885 1259 3930 me
1283 3869 1401 3944 iudice,
1426 3868 1503 3941 quia
1526 3869 1556 3927 is

277 3975 330 4046 qui
355 3974 497 4046 loquitur
521 3975 586 4033 ista
609 3975 802 4034 contemnit.
825 4007 864 4014 —
882 3973 937 4032 Vs.
963 3976 992 4031 4.
1017 3972 1065 4031 Bl.
1090 3972 1145 4031 cit.
1169 3969 1335 4045 Eupolidis
1359 3969 1397 4029 ir.
1425 3970 1497 4043 146,
1524 3970 1554 4043 2,

277 4090 337 4134 nec
356 4083 444 4135 recte
464 4075 511 4134 Bl.
537 4076 672 4150 probaro
696 4074 935 4135 Meloelrianum
965 4071 1138 4149 σκωμμάιια
1162 4073 1297 4145 apparet
1320 4086 1362 4129 ex
1385 4069 1558 4129 adiectivis

276 4179 355 4251 σοφά
381 4182 413 4238 et
437 4177 628 4254 στρατηγικά,
653 4178 737 4250 quod
762 4176 881 4236 saltem
906 4171 1098 4252 στρατιωτικὰ
1121 4188 1195 4233 esse
1219 4172 1365 4232 debebat.

233 4284 282 4342 Fr.
308 4284 383 4354 564,
410 4281 439 4338 2.
476 4275 529 4354 μὲν
560 4269 615 4337 οὖν
646 4295 703 4352 pro
734 4277 828 4354 μόνον
859 4280 948 4337 certa
975 4275 1201 4336 Valckenaerii
1226 4273 1396 4348 correctio,
1420 4271 1558 4347 probata

277 4384 378 4442 etiam
403 4380 587 4453 Blaydesio.

234 4488 283 4545 Fr.
311 4487 384 4556 564,
411 4487 440 4542 4.
463 4484 562 4541 Recte
587 4482 734 4555 Bentley.
760 4483 807 4542 Bl.
832 4478 948 4559 γυναιξί
976 4513 1014 4522 -
1040 4478 1196 4548 πλείσταις.
1221 4477 1290 4536 Non
1316 4476 1443 4536 accedo.

233 4589 283 4647 Fr.
310 4590 383 4659 566,
413 4589 439 4644 1.
470 4585 539 4643 Vid.
566 4584 678 4643 Nauck
701 4584 772 4643 Mel.
798 4583 841 4641 VI
866 4598 895 4657 p.
924 4583 996 4641 119.
1012 4613 1050 4623 -
1066 4581 1121 4640 Vs.
1146 4582 1165 4639 3
1190 4583 1352 4657 κακουργεῖ
1371 4580 1484 4638 tuetur
1507 4578 1556 4639 Bl.

233 4691 283 4750 Fr.
309 4689 384 4748 586.
410 4686 458 4744 Ad
479 4687 700 4760 Trophonium
721 4686 882 4760 pertinere
903 4682 1038 4759 putabat
1050 4681 1172 4743 Nauck.
1186 4681 1292 4742 —Vs
1306 4681 1325 4740 3
1339 4680 1411 4739 sine
1423 4679 1558 4739 nomine

277 4789 421 4849 auctoris
456 4789 556 4847 citare
591 4788 680 4847 Stob.
714 4788 778 4846 Ecl.
806 4789 835 4861 2,
863 4788 890 4844 7.
920 4786 976 4856 13;
1002 4800 1031 4858 p.
1060 4770 1132 4857 124,
1159 4784 1177 4841 2
1211 4783 1323 4842 monet
1354 4779 1451 4839 idern.
1484 4780 1557 4842 vid.

276 4907 377 4967 supra
401 4891 440 4949 ad
465 4890 503 4949 ir.
528 4891 603 4949 463.
