3502 5512
889 321 951 380 100

302 512 437 572 locum
464 509 662 585 propriae
686 506 807 566 filiae
830 506 1036 566 absentis.
1062 506 1132 566 Non
1157 506 1339 566 audiendus
1362 510 1414 568 est
1436 508 1485 568 Bl.
1510 524 1581 583 pro·

303 627 427 688 ponens
450 609 567 686 ἑαυτῆς.

259 716 309 774 Fr.
336 716 410 774 257.
583 740 586 745 ·
936 699 958 767 ὦ
982 707 1102 787 μεγίστη
1125 716 1184 766 τῶν
1207 712 1289 768 θεῶν

568 818 626 869 νῦν
649 800 712 870 αὖτ’
737 803 858 868 ἀναίδει’
885 808 924 878 (εἰ
944 807 1019 868 θεὸν
1041 812 1142 868 καλεῖν
1166 825 1197 868 σε
1222 809 1274 868 δεῖ.
1373 849 1375 852 >

568 899 618 959 δεῖ
635 896 678 959 δέ·
702 896 734 958 τὸ
758 906 888 977 κρατοῦν
911 897 966 976 γὰρ
990 906 1048 957 νῦν
1072 897 1220 974 νομίζεται
1241 898 1333 970 θεός.)

568 994 613 1076 ἐφ’
639 998 712 1060 ὅσον
734 1000 877 1078 βαδίζεις,
901 994 943 1074 ἐφ’
971 998 1043 1059 ὅσον
1066 998 1147 1076 ἥξειν
1170 1022 1221 1075 μοι
1245 1000 1350 1073 δοκεῖς,

301 1108 365 1182 Ita,
402 1106 435 1165 in
470 1104 659 1179 parenthesi
694 1104 811 1177 positis
844 1102 952 1162 verbis
983 1100 1007 1160 εἰ
1033 1100 1184 1175 -θεός,
1214 1104 1339 1180 omnia,
1372 1107 1409 1164 ut
1439 1106 1582 1166 antehac

300 1208 427 1283 monui,
453 1208 576 1282 optime
600 1204 786 1264 decurrunt.
816 1204 964 1263 Pessime
988 1203 1036 1263 Bl.
1063 1219 1110 1262 vs.
1135 1207 1288 1277 quartum
1313 1220 1447 1280 prorsus
1470 1222 1581 1268 neces·

300 1311 425 1370 sarium
449 1308 600 1382 spurium
623 1320 697 1365 esse
721 1305 902 1365 existimat.

257 1412 308 1470 Fr.
334 1411 408 1470 250.
611 1403 855 1481 ἔπιθυμίοας
879 1415 925 1487 τῷ
951 1402 1074 1487 Βορέα
1098 1404 1206 1465 ἴδιον

613 1502 743 1582 ὀψάριον
767 1502 858 1566 οὐδὲν
881 1504 1005 1584 ἔλαβον,
1027 1504 1131 1582 ἑψήσω
1155 1514 1268 1583 φακῆν.

300 1614 336 1672 In
372 1612 478 1686 priore
514 1623 610 1669 versu
646 1609 789 1683 pessime
824 1607 969 1667 mulcato
1004 1611 1092 1668 recte
1123 1608 1171 1668 Bl.
1203 1608 1343 1670 Bentleii
1373 1613 1582 1673 coniecturae

301 1714 455 1790 probatae
490 1710 611 1771 Cobeto
649 1708 876 1787 <ιιβαν>ίδιον
911 1710 1054 1770 obvertit
1090 1709 1251 1769 Graecum
1286 1726 1359 1771 ease
1392 1712 1581 1789 λιβανώνιον.

302 1814 359 1874 (lui
394 1813 616 1875 observationi
651 1813 679 1871 si
710 1812 920 1872 coniunxeris
951 1813 1075 1872 iustam
1106 1812 1222 1872 Koclrii
1255 1812 1294 1872 de
1325 1813 1377 1873 his
1408 1814 1582 1876 sacrificiis

302 1916 558 1989 dubitationem,
590 1914 731 1974 fortasse
758 1913 823 1974 tibi
852 1913 1038 1974 satisfaciet
1061 1917 1158 1974 vetus
1182 1927 1258 1974 mea
1279 1916 1458 1990 sententia,
1480 1932 1582 1990 quam

302 2018 341 2077 de
371 2033 463 2077 more
495 2017 623 2091 ignorat
653 2015 716 2088 Bt,
749 2015 888 2074 Boream
919 2014 950 2073 h.
975 2014 996 2075 l.
1029 2015 1126 2075 deum
1158 2030 1222 2075 non
1250 2030 1336 2091 esse,
1363 2017 1418 2077 sed
1442 2018 1581 2092 piscato·

303 2121 421 2190 remtil
446 2119 679 2179 Menandreum
703 2117 843 2177 dixisse:

612 2217 696 2279 ἐπεὶ
717 2213 971 2294 ’μποόιοθεὶς
995 2228 1041 2299 τῷ
1065 2217 1183 2303 βορέᾳ
1210 2217 1252 2296 νὴ
1276 2217 1342 2279 τὸν
1366 2219 1439 2278 Δία

611 2316 740 2397 ὀψάριον
764 2316 855 2379 οὐδὲν
879 2317 997 2397 ἔλαβον,
1022 2317 1125 2396 ἑψήσω
1149 2328 1260 2397 φακῆν.

303 2426 336 2484 in
361 2424 478 2498 quibus
503 2421 540 2498 νὴ
564 2419 615 2480 τὸν
639 2421 698 2480 Δία
723 2422 889 2495 Heringae
913 2421 1059 2481 debetur.

346 2524 498 2586 Ceterum
523 2525 599 2597 quia
621 2521 729 2600 ἔλαβον
752 2523 916 2597 frequenti
943 2525 1141 2583 comicorum
1168 2539 1229 2583 usu
1254 2524 1354 2583 etiam
1379 2526 1457 2584 emi
1481 2526 1580 2600 signi-

301 2626 397 2687 ficare
432 2626 553 2700 potest,
590 2625 753 2685 incertum
789 2629 841 2685 est
874 2627 985 2685 utrum
1018 2626 1098 2684 haec
1129 2625 1215 2684 dicat
1245 2626 1397 2700 piscator,
1430 2641 1472 2687 an
1496 2626 1582 2687 alius

298 2728 422 2800 quivis,
465 2728 520 2800 qui
560 2731 724 2800 queratur,
764 2728 995 2802 praepediente
1027 2726 1126 2786 borea
1156 2729 1339 2802 capturam,
1376 2727 1484 2802 pisces
1515 2744 1580 2789 non

301 2830 404 2889 fuisse
428 2828 573 2888 venales.

257 2931 308 2989 Fr.
335 2930 410 2989 261.
435 2928 572 2988 Temere
597 2928 644 2989 Bl.
670 2932 783 3005 μᾶλλον
807 2944 863 3004 pro
886 2928 1002 2999 πάντες.

257 3031 308 3089 vr.
334 3030 409 3090 262.
900 3029 987 3108 ἔργον
1011 3026 1043 3089 ἐκ
1065 3034 1177 3089 πολλοῦ
1202 3029 1311 3108 χρόνον

656 3128 765 3190 ἄνοιαν
788 3127 883 3213 ἡμέρᾳ
907 3139 1085 3208 μεταστῆσαι
1109 3142 1169 3213 μιᾷ.

301 3233 381 3292 Mira
411 3231 670 3305 breviloquentia
700 3233 824 3293 dictum
857 3233 985 3293 videtur
1009 3231 1040 3291 ἐκ
1062 3236 1175 3292 πολιοῦ
1199 3232 1309 3310 χρόνον
1333 3230 1456 3308 ἄνοιαν,
1479 3251 1579 3308 quare

300 3333 442 3394 fortasse
465 3333 690 3408 redintegrare
713 3333 789 3394 licet
813 3336 954 3408 priorem
980 3350 1113 3394 versum
1138 3335 1335 3409 supplendo:

489 3432 576 3513 ἔργον
604 3433 689 3512 (γὰρ
716 3432 936 3514 ἕγγεγονυῖαν)
965 3433 997 3494 ἐκ
1019 3439 1132 3494 πολλοῦ
1156 3435 1265 3513 χρόνον
1288 3433 1345 3494 nrt.

256 3536 307 3595 Fr.
333 3536 407 3611 281,
433 3538 463 3595 5.
488 3535 692 3597 Coniecturis
716 3536 807 3596 addit
830 3536 878 3597 Bl.
903 3536 972 3607 τοὺς
996 3536 1130 3614 πτωχοὺς
1156 3537 1277 3613 μόνους.

256 3637 306 3696 Fr.
333 3638 407 3711 282,
435 3640 462 3696 l.
488 3635 550 3697 Gur
574 3637 760 3711 κουφότατον
793 3645 974 3695 taenareo
998 3640 1226 3712 paupertatem
1251 3638 1339 3699 dicat
1361 3642 1470 3713 poeta,
1495 3640 1580 3699 satis

299 3741 475 3812 apparete
501 3738 609 3797 verbis
631 3728 667 3814 ἧς
694 3771 733 3780 -
758 3736 876 3820 ῥᾳδίως.
908 3739 1056 3799 Pessime
1088 3741 1189 3812 igitur
1213 3738 1401 3812 κουφότατον
1426 3740 1458 3799 in
1483 3740 1580 3799 δεινό-

300 3861 389 3897 τατον
413 3841 523 3898 mutat
538 3839 596 3897 Bl.

258 3941 307 3999 Fr.
333 3942 407 4015 285,
433 3941 463 4000 2.
484 3937 682 4014 ἀκουσμάτων
713 3950 812 4023 τρυφῇ
843 3962 871 3999 τε
904 3941 954 4000 vel
983 3943 1092 4015 polius
1116 3935 1253 4016 ἠκούσατ’
1281 3940 1322 4011 εἰς
1346 3940 1505 4018 τρυφήντε
1529 3942 1577 4002 Bi.

300 4057 365 4101 non
390 4041 487 4101 male.

151 4188 157 4199 .
256 4142 306 4202 Fr.
333 4144 407 4202 287.
432 4141 510 4201 οὕτω
542 4164 567 4199 τι
591 4176 629 4184 -
651 4139 805 4202 ἐπίπονον.
832 4144 879 4203 Bl.
913 4145 967 4204 eft.
992 4143 1158 4218 Aristoph.
1184 4144 1214 4201 ΙΙ
1246 4145 1348 4215 1191;
1374 4143 1501 4202 Alexid.
1531 4144 1578 4202 lli

299 4246 378 4317 482;
405 4244 566 4318 Posidipp.
592 4243 635 4301 IV
660 4246 741 4316 519;
768 4245 901 4319 Autiph.
928 4246 974 4303 ΙΙΙ
999 4246 1051 4303 80.
1081 4246 1152 4303 187.

254 4345 304 4403 Fr.
331 4347 405 4420 291,
432 4347 460 4404 2.
487 4345 585 4418 Olim,
611 4345 682 4405 coll.
710 4346 860 4406 Palladae
884 4347 955 4406 loco
973 4363 1023 4420 ap.
1039 4346 1214 4420 Koclrium,
1238 4347 1348 4407 monui
1370 4342 1505 4423 ἀοράτων
1526 4346 1579 4405 hic

298 4448 384 4506 idem
409 4448 517 4506 valere
542 4446 624 4519 quod
648 4443 869 4521 ἁνερισνέννων
893 4449 963 4507 sive
987 4445 1166 4523 ἀμερίμνων.
1194 4448 1288 4506 Nunc
1311 4448 1359 4507 Bl.
1385 4448 1445 4508 hoc
1468 4448 1577 4522 ipsum

297 4545 466 4624 ἀμερίμνων
490 4564 509 4607 a
533 4551 628 4621 poeta
658 4549 817 4621 scriptum
849 4564 922 4608 esse
946 4553 1052 4623 putat,
1079 4549 1162 4621 quod
1189 4549 1319 4608 facilius
1343 4552 1394 4608 est
1417 4549 1579 4623 suspicari

297 4667 395 4722 quam
432 4651 668 4709 demonstrare.
710 4649 820 4722 Neque
855 4650 1007 4723 absurde,
1040 4650 1164 4724 opinor,
1196 4647 1324 4726 ἀορννον
1360 4650 1578 4725 explicaveris

299 4753 600 4826 caliginosum,
627 4754 663 4810 ut
690 4748 817 4827 ἀοραοία
842 4752 926 4825 apud
951 4751 1038 4810 LXX
1071 4752 1271 4812 tenebras
1295 4752 1469 4826 significat.
1496 4752 1579 4811 Utut

299 4858 363 4928 est,
395 4859 482 4913 recte
510 4853 599 4911 Koclr
624 4853 825 4926 improbavit
857 4853 993 4913 Useneri
1018 4854 1240 4913 coniecturam
1265 4850 1410 4930 ἀοράτων.
1443 4853 1577 4924 Siquid
