3502 5512
881 368 946 428 180

248 552 300 613 ll'r.
325 553 399 613 908.
424 552 592 612 Inutiliter
615 553 766 629 supplere
790 558 929 616 conatur
951 555 1015 630 Bl.,
1040 569 1118 614 nam
1144 553 1243 613 variis
1267 553 1386 629 modis,
1413 553 1433 614 i.
1447 568 1476 617 e.
1501 553 1576 614 εἰοο

295 654 361 714 ulla
387 653 632 728 probabilitate,
659 656 690 715 id
714 655 784 716 lieri
809 660 927 733 potest.

251 757 302 816 Fr.
326 756 401 815 913.
425 754 593 834 πατάγημα.
617 756 664 817 Ut
687 758 817 835 λάλημα,
840 755 954 835 άλημα,
977 755 1172 834 παιπάλημα,
1194 760 1318 833 τρῖμμα,
1340 759 1401 817 ete.
1426 757 1510 826 (Bb).

251 859 301 918 Fr.
326 859 401 917 918.
425 856 471 918 De
494 857 601 918 forma
624 857 719 918 οὐδέν
740 861 858 935 ubique
877 861 1043 922 reddenda
1063 860 1240 920 Menandro
1259 859 1335 920 vide
1354 874 1437 934 quae
1456 861 1575 934 scripsi

295 976 321 1020 ε.
346 976 376 1019 v.
400 957 504 1030 οὐθείς
528 992 572 1001 -
594 961 703 1037 μηδείς
728 964 760 1022 in
784 964 903 1023 Lexico
928 979 1002 1035 meo
1027 963 1138 1038 Suppl.
1164 964 1197 1021 et
1220 962 1296 1021 dial.
1321 978 1350 1037 p.
1376 963 1451 1023 605.

251 1061 301 1120 Fr.
326 1063 400 1135 923,
427 1064 456 1120 6.
488 1060 630 1137 φίλτατον
662 1079 725 1123 non
754 1065 947 1123 mendosum
974 1042 1039 1139 est,
1065 1066 1102 1122 ut
1126 1063 1256 1122 videtur
1280 1064 1343 1138 Bl.,
1367 1065 1425 1123 sed
1449 1064 1576 1138 optime

294 1163 492 1236 explicatum
519 1178 539 1222 a
562 1163 733 1224 Meinekio

252 1265 301 1323 Fr.
326 1266 401 1323 924.
492 1261 532 1335 ὡς
557 1266 786 1343 Ἀλεξανδρῶδες
809 1263 869 1343 ἤδη
893 1274 989 1326 τοῦτο·
1015 1261 1071 1323 κᾶν
1095 1265 1170 1342 ζητῶ
1194 1288 1298 1343 τινα,

494 1364 660 1443 αὐτόματος
684 1360 771 1438 οὗτος
794 1366 993 1445 παρέσται·
1017 1363 1074 1426 κάν
1099 1367 1233 1426 διελθεῖν
1257 1365 1408 1445 δηλαδὴ

495 1466 544 1525 διὰ
568 1468 717 1546 θαλάττης
742 1468 759 1527 δ
768 1465 782 1528 ε’
791 1493 809 1551 η
835 1469 926 1529 τόπον
950 1464 1016 1546 τιν’,
1039 1462 1126 1541 οὗτος
1150 1467 1259 1529 ἔσται
1283 1492 1332 1546 μοι
1355 1469 1454 1547 βατός.

295 1568 349 1627 Vs.
377 1571 404 1629 1.
429 1570 519 1628 Kock
542 1566 610 1646 ἤδη·
635 1570 730 1629 πάτον
752 1568 818 1645 ἐάν,
842 1574 876 1631 at
900 1588 1005 1645 neque
1028 1580 1115 1631 τοῦτο
1134 1573 1308 1633 commode
1328 1572 1443 1633 abesse
1464 1573 1577 1645 petest

294 1685 399 1744 neque
421 1670 513 1742 πάτος
537 1675 588 1731 est
611 1675 754 1733 comicae
779 1675 944 1749 dictioniS,
965 1676 1023 1735 sed
1048 1675 1183 1736 Homeri
1207 1679 1241 1736 et
1260 1674 1574 1746 Alexandrinorum,

294 1772 403 1844 itaque
434 1774 505 1832 vitii
529 1775 624 1833 sedes
648 1797 713 1831 ττνο
739 1777 877 1852 videtur,
901 1793 957 1851 pro
984 1794 1047 1850 quo
1068 1776 1137 1837 fleri
1157 1779 1267 1852 potest
1288 1779 1324 1836 ut
1343 1776 1442 1835 fuerit
1461 1773 1576 1852 τρίβον.

294 1873 381 1931 Bene
405 1876 517 1933 autern
541 1889 578 1934 se
602 1875 701 1934 habet
724 1873 795 1948 κᾶν,
818 1879 845 1935 si
870 1878 1144 1938 admirabundam
1170 1877 1447 1938 exclamationem
1471 1871 1511 1945 ὡς
1533 1908 1574 1917 -

292 1981 378 2032 τοῦτο
403 1975 548 2048 parasito
572 1979 772 2037 assentatori
796 1979 930 2052 gloriosi
951 1980 1122 2039 cuiusdam
1144 1978 1261 2038 militis
1279 1977 1477 2050 tribuentes,
1499 1976 1577 2035 huic

294 2075 448 2144 (militem
483 2076 566 2153 dico)
603 2079 636 2136 in
671 2080 825 2140 iactando
860 2082 1009 2157 pergenti
1045 2080 1170 2154 reliqua
1204 2080 1432 2140 adscribimus.
1464 2079 1521 2138 Vs
1555 2079 1575 2136 2

294 2180 326 2236 et
351 2179 370 2236 3
401 2194 459 2253 pro
490 2177 631 2254 παρέσται
660 2182 693 2239 et
723 2178 802 2238 ἔσται
830 2183 1018 2254 praesentia
1048 2181 1263 2255 expectabam
1288 2197 1363 2241 cum
1387 2180 1574 2253 Blaydesio.

294 2278 330 2336 In
355 2279 488 2352 reliquis
511 2281 673 2340 caecutire
693 2295 746 2339 me
766 2281 881 2357 fateor,
900 2298 1005 2356 neque
1024 2283 1126 2357 enim,
1149 2284 1186 2342 ut
1206 2283 1356 2357 antehae,
1376 2282 1460 2342 mihi
1479 2281 1578 2341 bodie

292 2380 459 2440 satisfacit
478 2382 559 2441 νε.3
582 2382 697 2442 Kookii
717 2383 904 2443 coniectura
922 2384 1016 2460 πόρον
1036 2399 1093 2458 pro
1105 2381 1212 2457 τόπον,
1227 2399 1332 2457 neque
1344 2382 1420 2443 ferri
1433 2386 1579 2458 possunt

295 2495 377 2552 quae
400 2482 523 2556 profert
546 2483 612 2542 Bt:
643 2480 700 2541 κάν
729 2483 860 2543 διελθεῖν
883 2507 945 2544 ποι
969 2485 987 2544 δ
997 2482 1036 2566 ἑη
1061 2484 1078 2543 δ
1088 2482 1125 2542 τά
1154 2484 1304 2561 θαλάττης
1328 2484 1369 2556 εἷς
1392 2483 1486 2544 τόπον
1511 2479 1579 2565 τιν’,

295 2573 382 2651 οὗτός
414 2580 473 2639 ἐστι
503 2605 554 2656 μοι
583 2585 687 2660 βατός,
717 2587 793 2659 quia
815 2588 983 2647 sententia
1006 2586 1185 2645 manifesto
1209 2587 1392 2660 postularet
1414 2585 1492 2664 αὕτη
1516 2583 1580 2645 ε’στί

294 2705 344 2757 μοι
366 2683 456 2759 βοτή,
480 2688 516 2743 ut
541 2686 674 2745 mittam
698 2688 845 2761 ineptam
870 2687 1106 2747 abundantiam
1131 2707 1182 2745 ποι
1203 2685 1309 2766 δέη-
1331 2686 1371 2758 εἰς
1392 2686 1486 2747 τόπον
1509 2683 1576 2746 τιν’.

294 2783 446 2843 Ceterum
477 2785 537 2843 sub
569 2786 675 2845 otioso
700 2786 830 2864 δηλαδὴ,
853 2789 884 2848 in
910 2804 972 2861 quo
997 2789 1116 2847 merito
1140 2789 1275 2848 haerere
1300 2789 1440 2864 videtur,
1465 2791 1578 2863 potius

294 2885 376 2944 latet
410 2884 447 2961 δὴ
484 2883 544 2967 δέη.
580 2887 626 2947 Ne
663 2888 695 2946 in
730 2891 929 2962 gravissima
959 2890 1151 2963 quaestione
1185 2890 1249 2947 sim
1286 2890 1356 2963 ipse
1389 2887 1577 2968 ἀσύμβολος,

294 2987 395 3045 donec
419 2988 542 3046 certius
566 2989 757 3064 reperiatur,
783 2991 1028 3050 dubitabundus
1054 3005 1216 3064 propono:

915 3087 972 3148 κᾶν
996 3091 1128 3148 διελθεῖν
1153 3088 1197 3166 δὴ
1221 3089 1238 3148 δ
1247 3087 1288 3173 λη

460 3187 510 3246 διὰ
533 3188 681 3265 θαλάττης
705 3188 766 3248 ἐπὶ
791 3190 884 3248 τόπον
907 3186 971 3267 τιν’,
993 3184 1080 3261 οὗτος
1104 3188 1165 3249 ε’στί
1186 3213 1237 3266 μοι
1260 3191 1359 3269 βατός.

295 3292 355 3349 i.e.
380 3291 478 3349 etsi
503 3292 691 3350 transire
715 3308 825 3352 mare
849 3308 919 3365 per
943 3294 1195 3353 distantiam
1220 3294 1426 3366 quandam
1451 3308 1573 3375 opus,

295 3392 396 3450 haec
430 3392 607 3464 pedibus
643 3394 919 3466 permeabilis
956 3394 1057 3453 milri
1093 3397 1167 3454 est.
1201 3394 1261 3468 Qui
1292 3410 1387 3476 usne,
1420 3396 1457 3453 ut
1489 3397 1574 3454 tem·

293 3493 414 3567 poralis
449 3494 495 3552 ita
529 3493 656 3568 localiS,
693 3496 946 3568 praepositionis
980 3493 1027 3553 ἐπὶ
1059 3511 1134 3555 curn
1165 3497 1357 3555 accusativo
1385 3496 1417 3554 in
1453 3495 1575 3570 vulgus

294 3598 392 3654 notus
417 3599 478 3653 est.
515 3613 518 3623 ·

249 3696 299 3754 Fr.
324 3697 398 3753 926.
423 3695 469 3754 De
493 3695 611 3755 infelici
637 3695 752 3755 Koclrii
777 3697 1006 3771 supplemento
1030 3701 1118 3756 recte
1142 3698 1188 3755 Bl.
1226 3698 1324 3772 ,Mire
1349 3697 1574 3756 consociaren-

292 3800 345 3855 tur·
368 3811 453 3868 pavo
476 3799 510 3854 et
533 3797 688 3855 milvus.”
713 3798 818 3856 Locus
842 3799 923 3856 mihi
947 3802 998 3857 est
1020 3798 1247 3872 perobscurus

249 3897 299 3956 Fr.
324 3898 400 3955 928.
436 3897 595 3955 Headlam
627 3897 675 3954 δεῖ
699 3896 755 3974 γὰρ
787 3894 968 3956 πλοοτοῦνθ’
999 3897 1153 3973 ὑπόπτως,
1181 3899 1253 3959 coll.
1278 3899 1316 3958 fr.
1343 3900 1417 3973 666,
1447 3900 1482 3970 1;
1508 3900 1573 3958 vio·

293 3998 477 4057 lentissime
496 3996 636 4068 Blaydes
661 3997 709 4054 δεῖ
728 3997 783 4075 γάρ
807 4019 841 4073 με
861 4002 999 4057 πλουτεῖν
1018 3998 1211 4056 λανθάνοντα
1232 3998 1384 4074 μάρτυρας
1402 3994 1414 4074 ΙΙ
1430 3998 1576 4075 πολλούς,

292 4097 372 4168 ὅπως
403 4096 443 4174 μὴ
472 4096 540 4166 τοὺς
564 4093 695 4172 ὁρῶντος
720 4096 837 4174 ἕξομεν,
859 4101 945 4159 mira
968 4100 1157 4173 tautologia.
1183 4101 1256 4173 lpse
1281 4098 1360 4159 olim
1384 4099 1573 4159 tentabam:

337 4201 400 4257 δεῖ
419 4198 504 4276 γάρ,
525 4194 570 4254 dv
593 4201 772 4257 πλουτῶν
798 4201 931 4283 τύχης,
954 4198 995 4277 μὴ
1019 4199 1169 4275 μάρτυρας
1192 4200 1321 4270 πολλούς
1348 4193 1437 4261 <σ’>
1465 4197 1542 4276 ἔχειν

336 4323 405 4370 τους
430 4322 568 4375 ορωντας.

293 4403 396 4462 Hodie
420 4401 534 4460 malim
560 4403 682 4475 partim
707 4419 781 4462 eum
802 4403 1001 4462 Headlamo:
1027 4401 1089 4460 δεῖ
1109 4399 1163 4474 δέ,
1186 4397 1234 4475 μη
1257 4403 1430 4483 πλουτης
1453 4398 1572 4460 ὑπόπ-

293 4526 375 4577 τως,
405 4501 555 4579 μάρτυρας
586 4504 715 4572 πολλούς
743 4497 831 4561 <σ’>
858 4501 933 4578 ἔχειν
965 4500 1035 4577 κτλ,
1059 4502 1129 4562 scil.
1153 4501 1208 4574 qui
1232 4503 1397 4562 testentur
1420 4506 1452 4562 λθ
1477 4501 1574 4563 bonis

291 4606 416 4664 artibus
440 4606 574 4663 divitias
597 4608 673 4663 tuas
697 4605 850 4677 adeptum
876 4619 958 4664 esse.

248 4708 288 4764 Fr
302 4708 386 4765 629.
402 4705 636 4779 corrigendum
649 4712 777 4782 συγγενῆ
791 4721 847 4778 pro
861 4704 965 4782 εὐγενῆ
979 4706 1010 4763 in
1025 4705 1169 4765 Cramerl
1184 4704 1303 4763 Aneod.
1318 4704 1378 4763 Ox.
1392 4705 1439 4762 ΙΙΙ
1453 4705 1529 4781 247,
1540 4709 1572 4767 δ.

249 4809 297 4866 Fr·
312 4810 386 4866 932.
409 4810 495 4866 Ante
508 4805 556 4864 Bl.
570 4806 695 4879 φορτίον
715 4805 866 4879 probavit
886 4804 999 4879 Cobet,
1019 4809 1173 4865 monente
1186 4804 1344 4880 Nauckio,
1358 4806 1413 4878 qui
1426 4806 1482 4866 cit.
1496 4807 1573 4868 Eur.

291 4909 385 4969 Herc.
412 4909 475 4967 638
501 4912 532 4965 et
566 4907 654 4966 Sent.
680 4910 762 4978 sept.
787 4921 855 4978 sap.
884 4907 944 4964 188
972 4905 1139 4981 βαρύτατον
1162 4903 1241 4963 ἐστιν
1263 4903 1357 4980 ἄχθος
1381 4901 1573 4966 ἁποιδεοοίο.
