3502 5512
875 336 916 395 46

277 541 434 588 converso
469 524 637 600 adverbio,
674 539 737 597 quo
767 524 863 584 Iones
894 522 941 582 illi
971 522 1118 598 hospites
1151 523 1331 585 identidem
1367 523 1554 599 utebantur,

277 628 449 703 scripsisse
473 624 560 711 ὄνῳ,
576 641 641 685 non
660 619 737 701 ὁμοῦ
766 639 841 685 cum
858 623 996 700 Kockio,
1021 625 1105 699 quod
1125 625 1178 686 hic
1197 628 1275 701 apto
1294 640 1394 685 sensu
1417 628 1554 700 careret,

277 731 314 790 ut
336 730 437 789 etiam
460 729 565 788 sensit
587 727 651 801 Bl.,
676 726 732 800 qui
754 727 825 799 ipse
849 725 988 786 coniecit
1011 722 1096 796 ὅκως.
1130 726 1244 787 Simile
1267 727 1342 801 quid
1366 726 1446 787 lectt
1467 727 1556 786 idem

277 834 374 906 poeta
396 831 429 889 in
453 829 491 889 ir.
512 830 576 890 869
597 828 682 904 apud
702 828 859 888 Photium
887 829 919 888 et
943 828 977 887 in
997 828 1202 889 Bachmanni
1221 829 1344 890 Anecd.
1365 830 1380 889 Ι
1399 831 1474 905 382,
1495 829 1554 887 2οι

278 931 401 1009 τύχας·
425 928 495 1002 τούς
518 929 792 1008 καταστοχασμούς,
814 926 897 1006 παρὰ
927 927 959 988 τὸ
989 927 1094 1007 τύχα.
1118 928 1212 1001 ούτας
1235 929 1462 1008 Ἀριστοφάνης,
1484 944 1556 990 nec·

277 1034 357 1094 dum
387 1047 441 1093 me
471 1032 620 1108 poenitet
649 1032 772 1093 veteris
801 1030 1021 1107 coniecturae,
1057 1032 1091 1092 in
1126 1047 1225 1106 quam
1256 1037 1332 1108 post
1360 1049 1414 1094 me
1443 1032 1559 1093 incidit

277 1134 440 1209 Vollgraff
456 1148 563 1208 meus,
582 1132 663 1193 Nub.
685 1133 749 1193 719
769 1131 837 1202 (ubi
857 1131 1039 1206 corrigatur
1055 1133 1240 1194 Leeuwenii
1264 1134 1337 1195 adn.
1359 1134 1483 1203 critica)
1502 1147 1559 1207 pro

277 1238 432 1310 suspecto
466 1243 646 1313 φρουρᾶς
681 1232 951 1293 substItuendum
988 1248 1061 1294 esse
1097 1233 1287 1312 φροίδας,
1321 1235 1451 1296 collatis
1490 1249 1557 1295 ves.

278 1337 491 1411 praegressis.
518 1369 558 1379 -
583 1335 638 1395 Vs.
665 1338 683 1395 5
716 1334 800 1394 satis
830 1333 1044 1409 probabiliter
1075 1335 1221 1411 explevit
1251 1336 1356 1411 Kock,
1388 1336 1452 1396 nisi
1476 1335 1560 1410 quod

279 1438 395 1498 malim
419 1436 461 1509 εἰς
476 1434 610 1512 Ἔφεσον
633 1433 682 1514 <I
705 1441 774 1511 (pro
801 1432 842 1507 ἐς)
870 1435 1024 1512 Μίλητον,
1046 1437 1076 1496 οἳ
1094 1431 1121 1496 δ’
1144 1435 1186 1509 είς
1206 1437 1382 1513 Κύζικον),
1401 1440 1459 1498 aut
1482 1452 1558 1497 cum

279 1533 395 1616 Bill’g
420 1537 572 1616 Μίλητον,
594 1552 655 1597 nec
677 1553 726 1596 vs.
754 1539 773 1597 6
801 1552 876 1597 cum
900 1538 1015 1598 eodem
1039 1539 1265 1600 necessarium
1286 1539 1428 1601 arbitror
1446 1539 1560 1600 rescri-

279 1641 356 1701 bere
387 1640 417 1698 οἳ
445 1635 485 1698 δέ
514 1633 538 1718 γ’
564 1635 599 1710 ἐς
623 1645 690 1714 (pro
716 1632 743 1696 δ’
770 1636 821 1709 εἰς)
847 1634 994 1715 Ἄβυδον,
1035 1654 1100 1699 non
1131 1641 1220 1700 enim
1250 1641 1346 1702 video
1376 1640 1420 1700 ibi
1448 1640 1557 1702 locum

190 1771 191 1774 ¹
280 1756 354 1802 esse
376 1741 564 1816 geminatae
586 1739 780 1814 particulae,
805 1739 881 1812 quia
904 1739 995 1799 nulla
1018 1742 1071 1799 est
1094 1737 1226 1817 αὔξησις.

235 1844 287 1903 Fr.
312 1844 386 1904 544.
533 1841 575 1913 τίς
596 1836 623 1901 δ’
650 1839 691 1913 εἷς
710 1837 855 1921 ἐγγύτατα
878 1835 894 1899 d
918 1838 1022 1912 λοιπὸς
1042 1838 1093 1912 τὰς
1117 1837 1236 1917 ὀσφύας

535 1939 583 2001 ἐντί
606 1949 666 2001 τῶν
687 1950 829 2021 κοχωνῶν
852 1938 942 2019 ἀργὸς
966 1939 1055 2014 αύτὸς
1078 1939 1193 2015 ούτοσί;

278 2046 431 2121 Receptis
454 2044 676 2121 probabilibus
702 2058 783 2104 sane
803 2042 1016 2118 Darembergi
1036 2046 1070 2103 et
1089 2044 1330 2105 Schneidewini
1350 2043 1561 2117 coniecturIs,

242 2199 247 2205 .
280 2147 370 2207 Koclr
394 2161 497 2221 aeque
520 2145 721 2207 confidenter
744 2161 782 2206 ac
805 2145 968 2205 violenter
991 2148 1025 2205 et
1048 2145 1157 2218 inepte
1181 2147 1349 2221 proposuit

534 2246 577 2319 τίς
601 2241 628 2307 δ’
656 2244 733 2305 ἐστιν
758 2243 870 2324 ούγγύς
893 2244 1078 2317 κατακλινεὶς
1101 2254 1153 2321 τῆς
1176 2242 1292 2322 ὀσφύος

535 2345 662 2407 ἐπὶτῶν
685 2355 841 2426 κοχανῶν,
863 2343 1051 2425 ἆργοναύτης
1075 2344 1193 2420 ούτοσί;

281 2464 345 2510 non
365 2449 513 2510 sentiens
532 2465 632 2523 quam
651 2447 826 2509 difficulter
838 2448 964 2508 nudum
976 2455 1027 2522 τῆς
1040 2442 1154 2521 ὀσφύος
1165 2448 1387 2525 intellegatur,
1401 2449 1440 2510 de
1453 2463 1516 2522 quo
1528 2448 1561 2507 in

281 2551 432 2611 versione
452 2553 566 2611 monet
587 2550 793 2624 „meretricis
812 2548 951 2609 alicuius
968 2549 1126 2625 scilicet'’,
1141 2565 1201 2610 nec
1213 2565 1313 2624 quam
1326 2551 1431 2612 otiose
1444 2549 1564 2610 ceteris

281 2653 410 2712 adiecta
432 2651 501 2711 sint
523 2650 624 2712 verba
647 2648 777 2709 ἐπὶτῶν
800 2657 950 2728 κοχανῶν.
974 2649 1090 2709 Melius
1113 2651 1226 2724 utique
1249 2651 1521 2727 intellegeremus

443 2782 450 2798 ·
538 2751 581 2823 τίς
605 2745 632 2811 δ’
658 2748 746 2830 ἐγγύς
770 2747 925 2829 (ούγγύςί)
949 2746 1042 2826 αὐτῆς
1065 2746 1231 2828 ἁπτόμενος
1254 2759 1305 2829 τῆς
1329 2748 1444 2829 ὀσφύος

535 2850 585 2911 καί
608 2860 667 2911 τῶν
690 2859 845 2929 κοχανῶν,
869 2847 1059 2929 ἆργοναύτης
1082 2848 1200 2924 ούτοσί;

281 2955 342 3015 Sed
366 2957 461 3016 tanta
484 2953 671 3029 corruptela
694 2951 893 3014 coniecturis
916 2951 988 3012 tolli
1011 2953 1134 3026 nequit.

237 3056 288 3116 Fr.
313 3057 388 3132 545,
416 3057 435 3115 2
460 3053 533 3134 μέγα
557 3077 584 3113 τι
618 3069 676 3130 pro
698 3051 731 3113 τὸ
755 3050 829 3132 μέγα
852 3053 900 3112 BI.
926 3051 990 3112 Vix
1013 3055 1247 3115 necessarium.

236 3157 288 3217 Fr.
313 3159 387 3217 549.
412 3155 459 3217 Of.
484 3145 634 3217 Menand.
659 3156 724 3215 826
749 3154 844 3214 Alex.
870 3155 904 3227 83
929 3154 1038 3228 Polyz.
1063 3155 1180 3216 11867
1207 3157 1247 3218 M.
1272 3157 1354 3227 (BL).

238 3259 289 3319 Fr.
314 3259 388 3318 559.
413 3256 583 3317 cleliam
607 3256 692 3316 Eccl.
718 3256 782 3316 838
808 3255 890 3326 (Bt).

238 3361 288 3420 Fr.
314 3360 389 3420 563.
413 3359 462 3418 Bl.
476 3359 531 3418 cst.
552 3357 741 3436 βαλανάγρα,
759 3357 922 3436 γαλεάγρα,
939 3353 1077 3436 κρὲαγρα.
1102 3358 1213 3419 Adde
1233 3359 1387 3438 πορύγρα,
1404 3360 1559 3438 ποδάγρα,

280 3459 419 3539 χειράγρα
438 3462 472 3520 et
490 3459 715 3519 instrumenta
734 3458 918 3533 chirurgica
935 3458 984 3527 (ci.
998 3458 1110 3518 Herm.
1124 3458 1307 3536 XXXVIII,
1322 3462 1386 3521 282
1400 3467 1460 3537 sq.)
1473 3457 1559 3521 ὀδον-

282 3561 384 3640 τάγρα,
407 3555 559 3639 opesopes,
582 3558 703 3639 ριζάγρν
727 3563 803 3633 (qua
825 3559 969 3619 fortasse
992 3558 1141 3619 dentium
1164 3562 1291 3622 radices
1314 3563 1560 3634 evellebantur).

237 3663 290 3723 Fr.
315 3663 379 3722 564
403 3676 452 3734 sq.
483 3662 545 3721 Pro
577 3658 808 3738 Ἀριστοφάνους
832 3675 882 3734 ap.
908 3659 1057 3719 Eustaih.
1086 3661 1180 3737 1720,
1207 3663 1248 3723 24
1273 3662 1445 3742 &poweldon
1468 3665 1559 3726 resti-

281 3763 347 3824 tuit
368 3763 404 3823 G.
424 3762 574 3837 Dindori,
601 3761 760 3836 probante
778 3760 937 3835 Nauckio,
960 3760 1044 3834 apud
1065 3777 1161 3836 quem
1182 3764 1220 3824 fr.
1242 3766 1402 3841 Euripidis
1420 3769 1472 3827 est
1484 3768 1558 3827 366.

282 3863 394 3924 Nauck
417 3861 495 3922 fecit
519 3877 595 3922 cum
619 3862 758 3937 Bergkio
782 3865 816 3923 et
838 3860 1005 3922 Dindorilo
1028 3863 1232 3938 impugnatis
1255 3882 1274 3927 a
1297 3868 1431 3929 Xoclrio.
1451 3902 1491 3912 —
1511 3866 1559 3927 BI.

282 3964 577 4040 grammaticorum
602 3964 683 4024 Iocis
707 3963 797 4024 addit
820 3963 898 4023 Hes.
924 3959 1107 4040 ίίννχθνς·
1131 3959 1147 4023 d
1171 3964 1211 4043 μὴ
1235 3965 1347 4027 ἐσθίων
1370 3968 1467 4048 ἰχθῦς.

240 4067 290 4126 Fr.
315 4069 389 4140 569,
416 4067 445 4125 6.
470 4061 585 4141 ἀμῶσιν
609 4064 725 4123 Xoekii
757 4064 981 4124 coniecturam
1011 4079 1069 4139 pro
1092 4062 1218 4143 ἀροῦσιν
1241 4085 1373 4130 mecum
1398 4070 1562 4146 improbat

282 4168 332 4228 BI.
356 4167 477 4226 Verum
501 4164 584 4225 mibi
607 4164 769 4237 hodieque
794 4163 923 4224 videtur
947 4160 1082 4241 ίίγουσιν.
1108 4200 1147 4211 -
1177 4170 1231 4231 Vs.
1257 4172 1286 4231 8.
1311 4172 1448 4252 μέγιστον
1477 4161 1560 4231 (οὖν

283 4261 364 4327 ἐστ’)
394 4267 457 4341 Bl.‚
482 4266 536 4340 qui
560 4264 654 4325 Add.
679 4281 708 4339 p.
734 4266 799 4325 316
823 4264 976 4338 plurimis
999 4265 1080 4326 locIs
1102 4269 1325 4344 fragmentum
1350 4273 1506 4334 illustrat.

239 4370 290 4429 Fr.
314 4369 389 4428 576.
414 4368 463 4426 Bl.
488 4367 543 4426 cil.
568 4367 689 4426 Athen.
709 4365 788 4424 XIII
801 4366 865 4425 595
887 4362 927 4442 μὴ
947 4364 1042 4442 μόνον
1060 4366 1218 4444 τρίδουλον
1239 4368 1312 4431 ἀλλὰ
1328 4372 1560 4452 καίτρίπορνον·

240 4471 290 4529 Fr.
315 4470 379 4528 579
404 4472 437 4527 et
460 4469 522 4528 581
548 4467 629 4528 locis
653 4467 802 4527 illustrat
825 4467 873 4526 BI.
898 4466 994 4527 Add.
1019 4484 1049 4542 p.
1074 4470 1138 4531 316
1162 4488 1210 4547 sq.

240 4571 291 4630 Fr.
316 4570 390 4644 580,
418 4572 446 4628 1.
471 4569 533 4629 Pro
557 4567 716 4646 μελύντατε
736 4568 861 4628 Seidler
879 4567 1050 4644 salulutare,
1069 4570 1117 4632 BI.
1138 4574 1378 4636 violentissime
1396 4575 1561 4652 σοφώτατε,

284 4672 341 4731 sed
373 4670 436 4730 vid.
468 4671 569 4731 Kock.
596 4703 635 4714 —
660 4671 715 4730 Vs.
748 4670 778 4729 2.
815 4670 877 4729 Pro
912 4668 953 4740 είς
989 4671 1164 4735 verissime
1194 4673 1233 4747 ὡς
1264 4679 1399 4752 corrigit
1422 4678 1492 4737 Fix.
1518 4708 1557 4719 —

283 4773 338 4833 Vs.
360 4774 389 4832 3.
418 4771 585 4856 τραγῳδίαν
601 4775 653 4832 est
671 4771 792 4831 calami
812 4770 925 4846 lapsus
934 4773 970 4841 (l)
990 4787 1048 4846 pro
1061 4775 1209 4858 μελῳδίαν
1222 4779 1366 4854 Bergkii,
1388 4795 1487 4853 quem
1500 4779 1557 4838 im·

282 4874 425 4950 prudens
436 4875 558 4948 recepit
569 4874 678 4947 Xock;
696 4872 837 4933 eundem
850 4875 887 4932 ut
899 4888 995 4932 suam
1008 4875 1231 4940 coniecturam
1243 4864 1395 4957 proponit
1406 4880 1558 4954 Blaydes.
