3502 5512
813 382 874 441 201

385 563 487 626 πάντ’
513 565 703 647 ἠγνόουν,
725 566 757 628 τὸ
780 566 883 643 καλόν,
905 565 938 625 τὸ
961 564 1081 639 σεμνόν,
1105 561 1252 642 τάγαθόν,
1279 558 1356 637 (ἢ)

385 668 417 729 τό
442 668 544 729 κακόν·
567 667 623 728 κτὲ.

237 770 396 830 lleadlam
430 771 484 830 cst.
514 771 590 831 Hor.
615 771 670 846 Ep.
696 770 711 828 I
735 771 764 845 2,
790 768 1087 844 3;1)1σς.1,.1111
1114 771 1140 842 1,
1166 769 1218 826 98.
1246 799 1284 808 -
1313 764 1365 822 Vs.
1391 765 1410 820 0
1435 780 1503 833 squ.

234 871 282 930 sic
305 872 510 948 scripserim:

454 981 509 1032 νῦν
533 968 561 1032 δ’
588 966 697 1033 ἐνθάδ’
724 970 833 1049 ἐλθών,
856 971 954 1049 ὥσπερ
978 970 1020 1043 εἰς
1046 974 1222 1046 Ἀσκληπιοῦ

388 1075 427 1134 10
452 1070 768 1152 ἔγκατακλινείς,
792 1071 839 1142 ὡς
862 1072 959 1149 ἴστε,
983 1065 1053 1148 μετ’
1081 1067 1217 1149 ὀλίγον
1242 1068 1348 1146 χρόνον

450 1171 649 1254 ἀναβεβίωκα·
672 1183 837 1253 περιπατῶ,
860 1178 954 1249 λαλῶ,
976 1182 1090 1251 φρονῶ.

449 1273 516 1335 τὸν
539 1276 722 1354 τηλικούτων
744 1274 795 1335 καὶ
819 1275 962 1336 τοιούτων
986 1273 1073 1352 ἥλιον

451 1385 523 1436 νῦν
547 1385 689 1437 τοῦτον
713 1376 824 1456 εὑρών,
847 1374 968 1455 ἄνδρες,
992 1373 1024 1436 ἐν
1047 1385 1082 1459 τῇ
1106 1374 1232 1451 τήμερον

449 1477 527 1552 ὑμᾶς
551 1475 640 1556 ὁρῶ,
662 1479 728 1539 τὸν
752 1477 981 1558 ἀστερωπὸν
1005 1475 1215 1554 aldium),

449 1578 504 1656 τὴν
528 1578 707 1659 ἀκρόπολιν,
729 1581 762 1641 τὸ
786 1579 915 1657 θέατρον
929 1625 1038 1638 ......

230 1678 262 1737 in
286 1679 403 1752 quibus
423 1680 542 1742 ultima
559 1683 722 1757 sagaciter
741 1698 782 1742 ex
798 1682 928 1742 traditis
951 1703 1072 1759 ορωνο
1093 1703 1164 1740 νον
1186 1697 1314 1751 νσιρκι
1330 1677 1394 1734 τὸν
1411 1673 1504 1750 ἀέρα

233 1778 346 1839 elicuit
376 1781 551 1859 Headlam,
584 1785 656 1844 coll.
688 1784 761 1844 Eur.
786 1785 854 1844 Ion.
883 1785 977 1858 1079,
1005 1781 1092 1856 cycl.
1119 1783 1193 1853 211,
1219 1778 1291 1838 Hel.
1317 1780 1391 1850 242,
1417 1791 1502 1850 prae

228 1882 319 1940 terea
342 1896 527 1956 proponens
550 1883 618 1954 τοὺς
643 1881 781 1961 ἀστέρας,
804 1884 855 1942 τὸν
880 1882 997 1962 αἰθέρα.
1022 1884 1077 1942 VS.
1106 1885 1155 1942 10.
1181 1882 1257 1955 Pap.
1284 1876 1505 1956 ἕγκατακλιθείς

226 1981 333 2041 forma
367 1985 506 2060 tragica,
543 2001 600 2059 pro
635 2002 699 2059 qua
729 1987 890 2046 comicam
923 1985 1069 2058 restItui‚
1103 1988 1248 2043 correcta
1278 1980 1377 2040 simul
1408 1980 1504 2037 inler-

227 2084 413 2156 punctione.
445 2086 548 2146 Prave
579 2087 667 2146 enirn
699 2086 789 2146 Koclr
822 2086 983 2160 virgulam
1015 2085 1175 2145 omissam
1207 2087 1280 2157 post
1309 2080 1368 2139 ἴστε
1398 2079 1507 2154 posuit

227 2189 301 2259 poet
325 2184 441 2262 χρόνον.
468 2220 507 2231 -
532 2188 589 2248 Vs.
618 2189 667 2248 12.
700 2189 815 2249 Nescio
839 2204 880 2249 an
904 2203 1023 2248 sanum
1054 2188 1099 2247 sit
1122 2184 1221 2262 ἥλιον,
1248 2199 1304 2258 pro
1328 2197 1390 2256 quo
1414 2178 1504 2239 Koclr

228 2287 367 2347 coniecit
396 2283 517 2364 ἡδονῶν
548 2294 722 2358 (νονιοντον
752 2288 917 2363 refingens
949 2289 982 2349 in
1013 2289 1178 2360 ξύνοικον),
1210 2301 1273 2359 quo
1296 2286 1428 2343 servato
1452 2281 1506 2355 τὴν

229 2391 354 2449 mutavi
378 2392 410 2449 in
434 2390 485 2450 τὸν
509 2395 543 2452 et
568 2415 728 2452 νυντοντον
751 2393 783 2451 in
804 2400 859 2450 νῦν
882 2399 1001 2467 τοῦτον,
1025 2391 1220 2463 intellegens
1243 2387 1383 2454 (Stoicae
1405 2383 1504 2457 philo·

227 2488 371 2565 sophiae)
394 2494 526 2554 solern
551 2510 689 2555 rerum
710 2497 927 2554 tantarum
951 2496 991 2552 et
1015 2493 1179 2562 talium,
1205 2490 1328 2561 quanta
1347 2488 1380 2545 et
1399 2485 1505 2559 qualis

227 2598 279 2653 cst
316 2596 458 2669 cognitio
494 2597 636 2671 pulchri,
673 2595 763 2671 boni,
800 2595 990 2668 venerandi,
1027 2593 1213 2667 oppositum
1249 2588 1427 2661 caligini
1462 2583 1504 2653 (ιο

229 2695 332 2767 σκότος
356 2713 404 2756 vs.
419 2699 464 2770 6),
485 2697 518 2756 in
539 2712 602 2770 qua
621 2696 720 2756 homo
740 2699 838 2755 antea
857 2696 963 2755 iuerat
984 2698 1144 2754 versatus.
1166 2691 1220 2750 Vs
1238 2692 1287 2749 10.
1312 2686 1351 2758 ὡς
1372 2687 1430 2745 ἴσκε
1447 2681 1502 2760 μετ’

226 2792 326 2874 ὀλίγον
358 2813 414 2872 pro
445 2793 576 2856 ὡσνισθε
605 2801 745 2856 τολοιπον
776 2797 892 2856 Koolrii
924 2799 975 2856 est
999 2795 1187 2856 coniectura
1209 2793 1292 2852 satis
1316 2788 1504 2864 probabilis,

226 2899 284 2958 sed
318 2907 434 2975 φρονῶ,
470 2900 553 2973 quod
589 2900 622 2959 in
654 2906 778 2976 φρονῶν
810 2899 974 2973 mutabat,
1008 2913 1081 2957 curn
1107 2897 1153 2955 Bl.
1178 2893 1399 2954 revocandum
1431 2906 1504 2950 esse

226 3002 348 3060 censui.
376 3034 414 3044 -
440 3001 494 3062 Vs.
519 3004 549 3062 6.
574 3002 760 3061 Notandum
785 2999 816 3059 τὸ
840 2999 956 3072 σκότος,
987 2999 1071 3072 quod
1097 2997 1181 3072 apud
1208 2999 1336 3054 veteres
1361 2993 1503 3051 comtcos

225 3104 259 3160 et
282 3104 424 3176 tragicos
448 3103 670 3163 masculinum
694 3117 769 3162 esse
792 3102 887 3163 solet.

183 3202 232 3260 Fr.
261 3204 332 3277 105,
355 3206 384 3263 2.
410 3204 584 3278 Headlam,
618 3204 689 3263 coll.
723 3203 889 3262 Menandri
914 3202 952 3261 fr.
974 3202 1049 3275 021,
1072 3202 1101 3274 2,
1128 3199 1265 3259 coniecit
1292 3190 1365 3271 ὑπὲρ
1389 3189 1501 3268 (μὲν)

226 3312 287 3360 νοῦ.
310 3338 348 3347 -
370 3305 485 3365 Koclrii
516 3306 782 3380 supplementum
808 3308 884 3364 ante
906 3319 953 3362 vs.
983 3306 996 3361 1
1031 3305 1100 3362 iure
1124 3299 1287 3374 improbat
1306 3296 1431 3370 Nauck,
1457 3295 1504 3354 Bl.

227 3406 376 3478 proponit
399 3400 458 3462 ἀλλ’
485 3405 528 3465 ὅτι
552 3406 616 3476 (vel
637 3405 672 3474 etl
692 3414 834 3463 τοσοῦτον
854 3402 965 3463 ἐκπιεῖν
983 3402 1150 3477 δονήσεται.
1167 3434 1205 3443 -
1220 3399 1274 3457 Vs.
1289 3400 1319 3456 4.
1333 3395 1503 3473 τούβοῌοῦ]

227 3504 358 3578 supplet
396 3506 570 3575 Headlam,
608 3506 679 3566 coll.
713 3505 828 3564 Eubuli
853 3506 890 3564 ir.
916 3505 969 3578 81,
996 3507 1025 3564 5.
1053 3537 1091 3545 -
1118 3502 1173 3561 Vs.
1199 3502 1228 3560 8.
1263 3497 1404 3573 οἰκέ[νηο]
1430 3514 1502 3557 curn

228 3603 361 3681 Cobeto,
397 3610 454 3665 aut
488 3605 608 3677 οὐκεΊνι]
646 3607 693 3665 ΒΙ.
730 3640 765 3648 -
805 3606 859 3665 Vs.
896 3606 933 3664 12
970 3619 1018 3677 sq.
1054 3606 1085 3660 Β.
1123 3602 1252 3668 iditum
1275 3600 1280 3675 1
1305 3593 1503 3675 <1ε1όφισ>ἕ

227 3700 356 3780 ἀκριβῶς
379 3703 435 3764 κτὲ.
460 3708 621 3767 Headlam
645 3713 679 3768 et
700 3723 748 3766 VS.
765 3709 804 3767 13
820 3711 847 3765 A
860 3751 945 3764 .....
969 3705 1035 3777 [εἰ]ς
1055 3702 1248 3780 δια[τ]ροφὴν
1269 3707 1354 3771 (cum
1376 3701 1505 3768 Cobetol

228 3803 324 3879 ἀνδρί.
351 3808 382 3864 Β.
406 3806 456 3866 καὶ
480 3806 536 3867 κτὲ,
560 3812 593 3869 ei
617 3825 666 3870 vs.
691 3811 740 3870 14.
767 3806 897 3879 [ἕκατὸ]ν
922 3805 1020 3886 [lr'y]ro
1044 3815 1183 3866 πεινῶντι
1206 3803 1310 3882 π[έρας
1334 3803 1400 3877 ἕξει]
1422 3803 1506 3873 ποτέ,

227 3922 310 3980 quae
328 3908 477 3969 sollerter
497 3911 673 3970 admodum
694 3911 882 3984 excogitata
905 3911 993 3968 sunt.
1016 3942 1043 3949 —
1067 3908 1121 3967 Vs.
1146 3908 1196 3966 18.
1222 3909 1338 3967 Latere
1361 3906 1504 3978 aliquam

227 4008 367 4068 formam
402 4010 465 4070 adi.
501 4010 758 4087 τρισκακοδαίμων
793 4027 891 4071 nemo
927 4025 990 4069 non
1027 4010 1129 4082 videt,
1160 4009 1217 4068 sed
1249 4023 1410 4081 quaenam
1442 4007 1504 4065 dici

226 4112 352 4186 nequh,
378 4111 487 4185 itaque
512 4128 598 4172 vana
622 4115 701 4171 sunt
723 4112 886 4185 Blaydesii
913 4126 1044 4170 versum
1069 4110 1220 4184 explendi
1244 4110 1438 4168 tentamina.
1465 4142 1503 4150 —-

228 4212 264 4271 In
296 4213 416 4287 pagina
447 4230 543 4273 versa
574 4214 696 4274 codicis
727 4214 814 4273 aliud
840 4214 1064 4287 fragmentum
1089 4211 1168 4270 XIII
1193 4226 1346 4271 versuum
1372 4210 1451 4283 legit
1475 4214 1508 4269 et

227 4312 393 4386 supplevit
433 4315 616 4388 Jernstedt‚
662 4316 745 4388 quod
781 4331 856 4374 oum
892 4314 1068 4374 lectoribus
1102 4313 1361 4373 communicavit
1396 4311 1506 4371 Nauck

229 4415 300 4474 Mel.
327 4415 370 4473 VI
394 4431 424 4489 p.
453 4418 524 4476 155.

183 4516 233 4575 Fr.
261 4518 322 4575 106
347 4531 394 4588 so.
433 4516 521 4591 Quae
556 4521 630 4592 post
660 4519 697 4577 fr.
726 4518 788 4578 105
820 4519 953 4587 (1-13)
985 4517 1068 4592 apud
1100 4519 1304 4577 Athenaeum
1342 4517 1505 4590 leguntur,

226 4618 341 4692 ipatuS,
378 4632 442 4677 non
478 4624 593 4693 poetae
624 4619 763 4678 alicuius
795 4619 894 4679 verba
925 4635 1000 4679 esse
1032 4621 1155 4693 optime
1184 4620 1347 4679 indicasse
1377 4619 1506 4678 videtur

228 4719 385 4778 Meineke.
413 4753 452 4761 -
481 4720 533 4780 Vs.
563 4722 612 4780 10.
637 4720 760 4797 μετρίως
784 4737 841 4795 pro
866 4719 984 4797 μέτριον
1008 4722 1144 4794 requirit
1168 4721 1215 4780 Bl.

184 4819 233 4878 Fr.
262 4819 333 4893 108,
363 4821 390 4880 1.
415 4820 463 4880 Bl.
496 4822 695 4882 contendens
726 4823 809 4896 apud
834 4823 977 4882 comicos
1001 4820 1081 4892 ὅπως
1106 4838 1180 4881 cum
1205 4823 1287 4881 coni.
1313 4823 1384 4880 sine
1408 4822 1504 4895 parti·

227 4919 300 4980 cula
329 4916 367 4978 dv
397 4920 474 4981 ferri
505 4937 569 4982 non
599 4938 711 4998 posse,
745 4926 877 4999 recepta
899 4924 968 4984 cod.
994 4927 1030 4982 A.
1055 4923 1185 4983 Stobaei
1209 4924 1363 4997 lectione,
1389 4923 1507 4997 corrigi
