3502 5512
856 346 898 405 53

302 525 353 586 Ad
370 521 495 604 Ἑοριοίς
517 528 646 589 rettulit
665 530 828 591 Headlem
848 532 904 592 BA
925 533 977 607 78,
993 533 1033 591 22
1059 529 1238 610 ἀψυχίαν
1262 529 1327 591 σἰνιί
1347 539 1400 591 τοῦ
1424 531 1538 592 δειλίαν

139 694 144 699 ,
259 627 385 687 Πλάτων
405 628 530 711 Γοργίᾳ,
553 631 719 705 corrigens
737 625 883 710 Ἑοριαῖς.
908 633 945 693 In
970 633 1089 709 Gorgia
1118 633 1314 695 vocabulum
1342 649 1407 695 non
1432 636 1536 696 extat.

214 728 265 788 Fr.
292 729 344 805 28,
372 731 399 790 1.
435 726 507 790 οὐδὲ
531 729 568 788 ιἐν
600 736 755 802 (mecum)
788 732 851 792 δεῖ
871 727 1102 794 ’ποιιοιιῖν
1131 735 1270 796 coniecit
1296 736 1400 810 idem,
1427 735 1537 796 nescio

259 845 301 889 an
331 833 430 892 recte.

214 930 265 991 Fr.
290 932 343 992 30.
369 932 462 993 Haud
486 935 611 995 temere
634 935 682 996 Bt.
706 930 799 1012 ἡμᾶς,
825 937 910 1010 quod
938 952 1014 997 curn
1040 935 1161 998 Cobeto
1180 937 1372 998 deleverunt
1391 937 1538 999 Melnelre

257 1034 324 1108 (qul
354 1035 452 1094 antea
480 1039 641 1105 servarat)
671 1040 705 1097 et
732 1037 838 1113 Kook,
862 1038 1086 1098 necessarium
1110 1038 1209 1098 ducit.
1235 1037 1339 1112 Quare
1362 1039 1473 1099 nescio
1496 1054 1537 1099 an

257 1136 315 1194 aut
344 1137 626 1211 transponendum
656 1139 702 1198 ait
730 1141 807 1215 post
839 1137 1024 1216 Ειδριπίδοο,
1059 1141 1097 1199 ut
1123 1139 1270 1199 ordiatur
1304 1154 1352 1200 vs.
1385 1141 1536 1217 tertium,

258 1238 316 1296 aut
338 1237 447 1311 potius
471 1240 546 1311 post
566 1233 693 1318 γένοιθ’,
715 1241 751 1300 ut
775 1239 890 1300 fuerit:

412 1369 506 1398 --υ
530 1344 573 1410 (v.
588 1355 615 1400 c.
640 1334 713 1416 ἀλλ’,
736 1331 760 1399 ὦ
784 1335 856 1415 φίλ’)
880 1331 913 1400 εὖ
936 1337 970 1421 γέ
993 1356 1040 1400 σοι
1063 1334 1190 1421 γένοιθ’,
1211 1335 1291 1417 ἡμᾶς
1315 1338 1360 1400 ὅτι

413 1440 525 1514 ἔσωσας
550 1439 582 1501 ἐκ
605 1450 664 1501 τῶν
688 1445 779 1520 σῖγμα
802 1450 861 1502 τῶν
886 1441 1068 1519 Εὐριπίδου.

213 1543 264 1603 Pr.
289 1544 343 1604 34.
377 1545 440 1606 Pro
469 1542 655 1622 ἀμφίπολλον
685 1545 787 1606 schol.
819 1545 949 1620 Syneaii
980 1561 1010 1620 p.
1044 1546 1118 1619 638,
1144 1546 1186 1605 36
1216 1562 1245 1620 p.
1277 1546 1398 1605 LXXII
1425 1547 1535 1607 Heret.

257 1647 291 1705 et
313 1645 442 1720 Synesii
465 1648 560 1722 epist.
586 1648 606 1706 3
630 1642 842 1722 ἀμφικίφολον
865 1646 985 1707 habere
1009 1647 1140 1707 monuit
1163 1646 1286 1707 Nauck.
1311 1647 1358 1707 ef.
1383 1647 1500 1708 lexica.

213 1744 265 1805 Fr.
289 1748 342 1823 43,
366 1750 393 1809 1.
425 1745 518 1827 ἀργόν
549 1749 637 1810 male
668 1749 701 1808 in
730 1745 822 1809 οὐδέν
845 1751 956 1810 mutat
979 1749 1028 1809 Bl.
1051 1748 1292 1824 Explicandum
1315 1749 1446 1810 videtur
1469 1764 1537 1809 res

257 1847 383 1909 iners.
415 1849 461 1911 ef.
493 1846 622 1928 ἐνεργεῖν
649 1849 834 1910 adhibitum
856 1850 895 1910 de
919 1850 1018 1911 coitu.
1042 1850 1118 1910 Soli.
1142 1850 1264 1910 mulier
1282 1850 1477 1910 καθεύδουσα
1500 1848 1536 1910 οὐ

257 1954 545 2028 προσκιιιῖιαι.
577 1951 689 2025 Aeque
716 1951 931 2026 improbabile
950 1953 1002 2011 est
1020 1951 1106 2025 quod
1124 1951 1164 2011 lr.
1185 1952 1229 2010 44
1248 1948 1342 2010 αὐτόν
1369 1952 1480 2011 mutat
1503 1951 1537 2010 in

256 2050 356 2130 ἰχθύν.
374 2052 512 2113 Librarii
535 2053 679 2129 talpae
703 2068 767 2113 non
792 2054 901 2129 erant,
922 2054 959 2114 ut
977 2052 1126 2127 arbitror,
1148 2054 1186 2112 ut
1197 2053 1297 2112 verba
1313 2052 1537 2113 dissimillima

257 2169 322 2215 non
347 2154 600 2230 distinguerent.

215 2255 267 2316 Fr.
292 2256 346 2332 46,
372 2258 403 2317 3.
435 2257 484 2317 Bl.
515 2257 611 2317 malit
633 2249 694 2314 ἀλλ’
720 2249 773 2314 ἔστ’
799 2252 935 2346 ἆγγεῖον;
963 2256 999 2313 Α.
1023 2253 1064 2326 είς
1087 2253 1198 2313 θυείαν
1221 2251 1362 2314 παιστέον
1394 2257 1452 2316 aut
1474 2249 1533 2313 ἀλλ’

258 2354 314 2416 οὐκ
348 2351 401 2416 ἔσί
438 2354 528 2437 ἄγγος
560 2360 597 2416 Α.
627 2356 669 2429 εἰς
692 2361 723 2416 δ.
747 2377 777 2415 π.
802 2356 968 2416 Posterior
991 2356 1179 2416 coniectura
1202 2356 1298 2417 valde
1321 2355 1403 2416 mihi
1429 2356 1538 2432 plaoet

256 2461 289 2520 et
320 2459 508 2521 Kookianae
537 2459 751 2535 praeferenda
777 2459 916 2519 videtur.
940 2457 1055 2518 Paullo
1078 2460 1191 2519 tamen
1215 2458 1321 2519 lenius
1344 2459 1453 2533 possis
1475 2451 1534 2516 ἀλλ’

257 2556 347 2639 ἄγγος
377 2559 433 2621 οὐκ
463 2554 517 2620 ἔστ’
541 2558 597 2620 κτὲ.
621 2564 655 2621 et
678 2561 819 2621 sortasse
842 2561 989 2635 praestat
1012 2559 1120 2618 forma
1141 2560 1226 2619 θυΐο.
1251 2593 1291 2603 -
1312 2559 1368 2620 Vs.
1396 2560 1436 2619 10
1460 2574 1536 2620 cum

257 2662 373 2723 eodem
403 2662 519 2723 malim
554 2671 612 2721 τωο
642 2656 800 2738 Ἰσθμίων,
830 2663 888 2721 aut
918 2659 1026 2720 lenius
1055 2668 1114 2719 τῶν
1141 2654 1338 2737 Ἰσθμιάδων,
1369 2663 1406 2721 ut
1428 2659 1536 2720 dicere

255 2762 341 2823 solet
364 2763 538 2836 Pindarus;
563 2763 621 2823 sed
645 2762 724 2821 nihil
748 2764 879 2821 mutare
903 2761 1116 2835 praestiterit.

213 2864 264 2924 Fr.
288 2865 342 2939 λλ,
369 2864 398 2924 2.
434 2863 483 2923 Bl.
519 2878 576 2938 pro
610 2860 738 2938 πέμπειν
773 2862 856 2924 coni.
889 2860 1019 2940 βάλλειν,
1047 2862 1132 2937 quod
1167 2878 1267 2923 nemo
1300 2862 1455 2923 librarius
1489 2863 1537 2922 ita

255 2966 434 3041 mutasset,
466 2967 527 3028 aut
556 2959 665 3039 ἀφιὲν,
692 2965 778 3038 quod
802 2978 896 3040 sane,
925 2963 1054 3037 siquid
1079 2964 1277 3024 mutandum
1302 2966 1405 3039 esset,
1430 2963 1535 3024 multo

253 3066 339 3127 foret
362 3065 573 3140 probabilius,
598 3067 642 3126 At
666 3066 705 3126 cf.
732 3066 783 3140 el,
810 3065 829 3124 3
853 3068 984 3142 γλῶσσαν
1008 3061 1130 3143 ἀγαθὴν
1153 3060 1457 3140 πέμπετε-τ-διφίειε.

211 3167 262 3227 Fr.
287 3168 340 3227 49.
371 3167 486 3242 Recte,
519 3167 552 3226 ni
575 3166 682 3242 fallor,
714 3166 762 3226 Bl.
791 3159 864 3225 ὥσθ’
889 3159 946 3224 ἅττ’
973 3162 1027 3244 ἔχω
1047 3162 1052 3243 Ι
1073 3158 1150 3224 ταῦτ’
1178 3161 1208 3236 ἐς
1230 3163 1368 3243 ταρίχους
1391 3162 1535 3242 ἀπολῶ,

255 3270 314 3328 aut
336 3264 546 3344 ἀπολέσαι,
569 3270 739 3342 praeterea
761 3269 897 3328 tentans
919 3263 1080 3345 ἀποβολω,
1102 3263 1277 3338 ἐξαναλώσοο
1302 3270 1335 3328 et
1357 3267 1432 3328 alia.

211 3369 263 3430 Pr.
288 3369 341 3444 51,
369 3370 397 3428 l.
432 3367 481 3429 Bi.
512 3369 567 3428 olt.
600 3368 712 3443 Eupol.
744 3369 776 3428 ΙΙ
807 3370 873 3429 464
906 3371 938 3428 et
968 3368 1105 3443 Ephipp.
1140 3368 1287 3445 111839,
1320 3384 1367 3429 vs.
1398 3370 1418 3429 3
1451 3369 1535 3429 eitra

255 3470 492 3532 nenessitatem
514 3471 680 3532 coniciens
702 3456 928 3548 καλλιερῆσθε.’

212 3571 291 3632 Post
313 3570 353 3631 fr.
379 3571 463 3632 540
494 3571 601 3633 lexioo
632 3572 818 3633 Sabbaitioo
846 3588 877 3646 p.
902 3572 932 3647 3,
961 3573 975 3631 1
1009 3572 1108 3632 adde:
1145 3568 1386 3647 ἀφροδίσιος
1420 3570 1535 3648 λόγος

257 3671 384 3731 Πλάτων
407 3665 471 3733 εἶπε
495 3671 545 3732 Διὶ
568 3671 744 3757 κακουμένῳ
774 3675 808 3733 et
831 3672 946 3733 deinde
969 3668 1019 3730 καί
1040 3670 1295 3751 Ἀφροδιταρί
1301 3671 1319 3732 δ
1327 3693 1388 3732 ιον
1408 3668 1424 3731 δ
1445 3669 1535 3743 αὐτὸς

256 3771 492 3852 ὑποκοριστικῶς

479 3875 561 3954 οἴμοι
583 3874 688 3953 κοίλας,
710 3872 831 3947 ἀπολεῖς
854 3870 894 3952 μ’,
917 3872 1267 3953 Ἀφροδιιαρίδιον

476 3978 676 4056 γλυκύτατον,
698 3976 819 4037 ἱκετεύω
843 3992 889 4054 σε,
911 3975 952 4054 μή
977 3996 1013 4052 με
1035 3975 1172 4060 περιίδῃς

255 4078 325 4140 scil.
367 4076 590 4158 ἀπολλύμενον,
632 4081 660 4141 si
697 4082 862 4155 integram
897 4078 1099 4140 sententiam
1136 4077 1250 4139 attulit
1283 4078 1534 4152 grammaticus.

255 4180 365 4255 Ipsius
399 4181 552 4242 Herculis
583 4182 624 4243 ad
645 4181 893 4242 meretriculam
918 4179 1019 4241 verba
1041 4180 1205 4240 videntur.
1230 4179 1340 4239 (lodex
1364 4178 1537 4251 utrobique

257 4281 357 4343 nabet
379 4282 672 4361 λίφροδιιαρούδιον.

212 4383 263 4443 Fr.
288 4385 340 4445 55.
365 4384 478 4445 Malim
501 4399 577 4446 cum
601 4385 650 4446 Bi.
675 4381 707 4445 δὲ
731 4384 820 4462 δεῦρο
843 4399 901 4459 pro
925 4382 1014 4462 δεῦρο
1038 4380 1076 4459 δή
1099 4381 1148 4453 (σὺ
1172 4381 1262 4460 δεῦρο
1286 4379 1400 4448 Kock).

213 4484 264 4544 Fr.
289 4487 342 4545 56.
366 4485 457 4546 Idem
481 4485 523 4558 τίς
546 4485 602 4564 γάρ
626 4500 672 4562 σε,
693 4484 737 4557 τίς
761 4518 802 4529 -
826 4483 935 4563 βοράν;
1015 4558 1020 4568 ι

213 4584 265 4644 Pr.
290 4586 343 4646 58.
377 4578 438 4645 ἀλλ’
473 4583 563 4657 αὐτὸς
598 4582 707 4664 ἀπαρτὶ
741 4586 862 4647 vitioso
900 4585 1019 4644 metro.
1051 4581 1127 4644 cod.
1158 4575 1240 4641 αιἰιδ.
1271 4581 1320 4643 Bl.
1355 4575 1536 4662 αὐτοπαρτλ,

256 4687 341 4759 quod
372 4702 479 4761 neque
503 4687 584 4762 legit
614 4688 855 4761 grammaticus
892 4687 931 4746 ds
974 4681 1086 4761 ἀποριί
1118 4699 1220 4759 agens
1253 4698 1359 4758 neque
1393 4698 1534 4757 usquam

257 4787 409 4848 traditur.
436 4788 554 4849 Melius
582 4789 669 4848 idem
704 4781 794 4859 αι’πδς
818 4781 859 4863 δ’,
882 4785 990 4846 deleto
1014 4779 1084 4844 ἀλλ’.
1108 4785 1196 4846 Num
1225 4785 1310 4845 lorte
1340 4781 1435 4844 ἀλλὰ
1464 4777 1532 4845 σοι’

259 4884 369 4967 ἀνιαροί
396 4885 474 4950 art?
