3502 5512
829 380 892 440 203

245 568 490 628 molestiam
526 568 598 628 sive
633 567 797 627 turbam
835 571 956 637 (rerum
991 566 1272 633 domesticarum).
1308 563 1355 623 (li.
1388 561 1523 621 Isocrat.

246 685 275 743 p.
301 670 404 729 273ss
428 666 606 744 παραλιπὼν
637 666 688 726 τὸν
712 672 849 728 πλεῖστον
874 665 962 745 ὄχλον
986 677 1045 726 τῶν
1070 665 1102 726 ἐν
1126 665 1228 750 ἐκείνῳ
1251 675 1290 747 τῷ
1314 664 1408 744 χρόνῳ
1432 683 1524 738 πραχ-

244 765 369 828 θέντων.
393 771 552 844 Synesius
576 785 625 844 ep.
652 771 693 829 29
717 777 770 829 τοῦ
789 763 854 846 παρ’
877 764 962 845 ἡμῶν
982 766 1070 846 ὄχλου
1091 767 1139 827 καὶ
1159 778 1216 827 τῶν
1236 767 1415 845 πραγμάτιον
1434 762 1524 832 αὐτὸς

245 869 282 930 σὺ
306 869 416 930 σαυτὸν
437 870 528 930 αι’ττῶ.
552 870 697 931 Verbum
720 875 833 932 autem
856 869 1026 947 οἰκονομεῖν
1052 871 1184 945 saepius
1203 868 1404 944 generaliore
1424 880 1523 926 sensu

244 971 388 1032 adhiberi
412 971 510 1032 fidem
534 971 661 1032 faciunt
684 971 747 1032 loci
770 972 918 1046 congesti
942 972 975 1031 in
998 971 1166 1032 Thesauro
1190 971 1217 1028 V
1242 986 1271 1044 p.
1300 971 1382 1029 1789
1407 983 1455 1040 sq.
1484 999 1520 1008 -

241 1073 307 1132 Nec
329 1075 533 1134 substituere
557 1074 681 1148 ausim,
706 1075 790 1147 quod
816 1067 1029 1149 aptissimum
1053 1074 1151 1149 foret,
1177 1073 1254 1150 βίον.

200 1175 250 1233 Tr.
278 1175 350 1249 120,
376 1176 405 1235 3.
442 1176 579 1236 Temere
614 1174 663 1234 Bl.
699 1173 794 1250 ἧτταν
830 1173 971 1253 ἔρωτος
1006 1190 1063 1250 pro
1095 1172 1218 1249 ἑαυτοῦ,
1248 1174 1334 1249 quod
1364 1172 1392 1231 si
1427 1174 1523 1246 poeta

244 1277 402 1354 dedisset,
436 1294 500 1339 non
531 1278 725 1354 addidisset,
758 1279 882 1355 opinor,
914 1286 1000 1338 τοῦτο
1029 1275 1066 1353 δὴ
1089 1275 1122 1336 τὸ
1145 1275 1312 1354 λεγόμενον.
1336 1275 1418 1333 Nam
1445 1270 1523 1330 illud

246 1376 338 1454 ἧττον
361 1376 472 1438 ἑαυτοῦ
496 1379 729 1455 pervulgatum
753 1381 824 1440 erat
846 1381 880 1441 in
903 1379 1026 1440 scholis
1049 1378 1328 1454 philosophorum.
1350 1409 1389 1417 -
1411 1374 1466 1433 Vs.
1492 1373 1522 1432 4.

241 1479 318 1539 olto
338 1485 488 1555 spectare
509 1483 636 1542 videtur
654 1497 737 1556 quae
750 1481 824 1543 huic
836 1483 1021 1557 fragmento
1035 1481 1293 1555 praecesserant,
1307 1491 1412 1549 neque
1425 1476 1523 1549 igilur

242 1596 316 1641 oum
341 1582 388 1642 Bl.
416 1598 548 1643 versum
574 1583 776 1658 expleverim
802 1583 911 1644 verbis
934 1581 1006 1643 ὥστε
1031 1580 1089 1640 καί.

198 1682 250 1741 Fr.
278 1683 350 1758 123,
385 1685 400 1743 1
427 1686 461 1744 et
484 1687 514 1743 4.
552 1684 666 1744 Merito
701 1685 814 1744 Nauck
848 1683 964 1744 Kockii
1000 1683 1230 1757 supplementa
1264 1680 1437 1755 improbat.
1473 1680 1521 1738 Ad

244 1799 292 1843 vs.
320 1785 335 1842 1
362 1784 409 1844 Bl.
442 1784 498 1844 cit.
524 1784 602 1845 Hor.
635 1784 742 1845 Germ.
771 1788 798 1860 1,
825 1787 854 1860 7,
881 1786 900 1844 2
925 1788 959 1845 ct
979 1786 1051 1845 Act.
1077 1787 1190 1859 Apost.
1217 1785 1268 1856 27,
1293 1784 1345 1842 41.
1373 1816 1411 1824 --
1438 1783 1523 1840 Ante

243 1866 362 1962 κειμένη
387 1886 462 1960 quid
487 1886 659 1961 exciderit,
685 1888 848 1946 incertum
872 1889 924 1946 est
952 1887 1070 1960 (possis
1093 1885 1163 1962 γάρ,
1189 1886 1236 1944 vel
1264 1906 1339 1956 πῶς,
1365 1883 1415 1943 νο]
1439 1886 1520 1955 που),

244 1987 337 2047 unice
360 1990 448 2047 recte
472 2003 508 2047 se
532 1987 652 2047 habere
677 1988 814 2047 verbum
838 1987 980 2063 simplex
1005 1990 1142 2047 certum.

201 2087 252 2146 Tr.
280 2089 352 2164 124,
379 2089 408 2148 2.
446 2086 535 2165 Παρὰ
570 2085 658 2165 μέρος
693 2104 758 2148 non
794 2089 950 2148 mutarim
984 2103 1057 2148 oum
1089 2087 1136 2146 Bi.
1168 2088 1200 2146 in
1233 2082 1306 2143 κατὰ
1337 2082 1438 2162 μέρος,
1464 2084 1521 2143 sed

244 2188 370 2263 explico
405 2188 604 2263 alternis,
631 2189 651 2249 i.
682 2204 708 2248 e.
742 2189 826 2249 alias
857 2189 1023 2264 dextram,
1049 2188 1131 2248 alias
1154 2188 1326 2247 sinistram
1350 2186 1521 2246 maxillam

244 2287 340 2347 homo
365 2289 529 2350 tendebat.
556 2289 603 2350 Gi.
629 2290 784 2365 exempla
807 2291 839 2350 in
864 2289 1031 2350 Thesauro
1056 2290 1083 2347 V
1107 2306 1137 2364 p.
1164 2291 1225 2350 801
1253 2283 1373 2364 ο1τταρ’
1400 2284 1524 2364 ἡμέραν,

243 2389 427 2450 alternis
462 2390 622 2451 dlebus.
659 2392 730 2450 lam
765 2406 822 2466 per
852 2407 888 2452 se
918 2407 1034 2466 parum
1064 2391 1229 2466 probabile
1261 2395 1312 2452 est
1335 2390 1520 2463 librarium,

242 2495 399 2563 sequente
424 2491 511 2565 κατά,
535 2493 672 2553 eandem
696 2493 972 2566 praepositionem
997 2493 1029 2552 in
1053 2490 1133 2568 τταροί
1157 2497 1314 2551 mutasse.

201 2591 251 2650 l'r.
280 2593 342 2652 125
367 2594 493 2652 temere
517 2593 602 2653 idem
627 2593 793 2653 sollicitat.

202 2692 252 2752 Fr.
282 2694 343 2753 126
375 2693 488 2753 Nauck
515 2695 631 2768 poetae
654 2709 728 2754 esse
751 2697 839 2755 recte
862 2699 962 2770 negat
985 2697 1056 2756 Mel.
1083 2696 1125 2754 Vl
1149 2712 1178 2771 p.
1206 2696 1277 2769 127,
1302 2692 1459 2769 πτερόεντα
1481 2727 1519 2736 -

242 2791 298 2870 έττη
319 2795 491 2854 flosculum
514 2795 725 2856 Homericum
747 2811 878 2857 vocans.
895 2830 933 2839 —
949 2796 1003 2857 Vs.
1019 2799 1047 2857 2.
1070 2796 1138 2855 ὅταν
1157 2792 1218 2856 τοτ’
1235 2796 1316 2856 bene
1329 2796 1461 2869 corrigit
1474 2795 1519 2854 Bl.

204 2896 254 2956 Fr.
283 2897 354 2971 132,
381 2898 410 2956 3.
436 2896 754 2971 interpungendum:

356 2995 426 3055 ὅταν
451 2992 482 3055 δὲ
506 2998 637 3076 τύχωμεν
662 2993 700 3068 (δ’
728 2997 837 3076 ἔχωμεν
862 2999 1000 3076 Nauck),
1023 2999 1145 3077 ὕστερον
1170 2999 1357 3075 landuuade.

198 3098 247 3156 Tr.
276 3101 347 3173 134,
374 3100 402 3158 3.
428 3099 530 3162 Recte
555 3101 602 3160 Bl.
629 3104 661 3161 et
687 3101 845 3160 Headlam
872 3105 1091 3177 transponunt
1113 3100 1220 3177 λέληθε
1243 3100 1381 3179 γεγονώς.

198 3199 248 3258 Tr.
276 3201 347 3260 135.
382 3201 488 3260 Etiam
523 3201 620 3262 verba
651 3198 808 3276 οψοττοτῶν
840 3199 871 3261 δὲ
895 3200 991 3279 τέχναι
1016 3201 1065 3260 καὶ
1090 3202 1282 3280 δημιουργῶν
1307 3203 1340 3262 in
1365 3217 1521 3262 numeros

243 3303 329 3374 cogit
357 3302 404 3361 Bl.
430 3303 577 3362 scribens
601 3312 658 3360 τῶν
683 3298 710 3360 δ’
738 3299 896 3376 ὀψοποιῶν
921 3306 1112 3382 δημιουργῶν
1135 3300 1164 3363 θ’
1192 3304 1226 3362 αί
1245 3302 1357 3382 τέχναι,
1381 3306 1521 3364 fortasse

243 3404 339 3460 recte.
365 3402 448 3462 Nam
473 3402 626 3462 similiter
651 3405 826 3464 Menander
849 3405 881 3464 in
906 3405 1150 3466 Pseudhercule
1178 3408 1204 3480 1,
1234 3408 1272 3464 12
1300 3405 1354 3481 τὴν
1379 3407 1521 3480 δημιουρ-

243 3498 296 3576 γὸν
320 3501 426 3575 iungit
450 3518 523 3564 cum
548 3518 648 3575 coquo
672 3510 732 3572 (vs.
757 3506 788 3571 9)
812 3508 845 3564 et
869 3504 1056 3566 Alexander
1080 3504 1111 3564 έν
1137 3507 1222 3589 Νότῳ
1247 3507 1352 3575 (blein.
1378 3506 1418 3563 IV
1445 3510 1520 3575 354)

244 3617 291 3661 vs.
318 3603 336 3660 2
361 3603 474 3662 Scribit
496 3603 710 3680 τραπεζοποιὸν
735 3605 918 3682 δημιουργὸν
942 3606 1084 3682 λήψομαι.

200 3702 251 3762 Fr.
278 3703 350 3778 140,
377 3705 406 3764 3.
438 3705 560 3764 Iniuria
583 3706 630 3765 Bl.
663 3706 808 3780 postulat
831 3707 973 3781 simplex
997 3706 1144 3784 τρίβοντες
1168 3708 1235 3785 βίον
1260 3725 1315 3782 pro
1340 3712 1521 3783 composito

244 3804 475 3880 κατατρίβοντες.
499 3805 544 3865 Of.
569 3805 660 3866 Dein.
687 3809 738 3880 bl,
765 3809 798 3879 9;
824 3808 923 3866 Arist.
949 3808 1020 3867 Eth.
1045 3809 1092 3867 III
1118 3811 1168 3868 iil,
1194 3810 1259 3869 Pol.
1287 3811 1298 3866 Ῐ
1324 3811 1419 3882 25,6.
1445 3812 1521 3871 Plus

243 3908 294 3964 ost
318 3908 503 3983 κατατρίβειν
528 3931 548 3965 τ.
574 3910 601 3984 β.
627 3924 724 3981 quarn
751 3908 860 3986 τρίβειν
886 3912 918 3968 et
943 3910 1017 3968 huic
1040 3909 1110 3969 loco
1135 3912 1253 3985 aptius,

199 4007 248 4064 Tr.
277 4010 349 4081 141,
375 4013 404 4068 4.
430 4010 594 4069 Incertum
620 4011 797 4070 admodum
823 4011 1088 4085 supplementum
1115 4016 1163 4071 est
1189 4014 1316 4090 γεύσεις,
1340 4031 1412 4072 curn
1436 4012 1520 4087 prrae-

243 4111 357 4168 sertim
391 4111 486 4170 huius
519 4111 680 4185 vocabuli,
713 4113 796 4185 quod
829 4113 972 4186 primum
1005 4114 1088 4186 apud
1123 4115 1332 4174 Aristotelem
1365 4117 1519 4191 oocrrrrit,

243 4226 403 4283 nusquam
437 4213 595 4286 pluralem
627 4213 735 4286 legere
767 4229 819 4272 me
844 4215 990 4273 memini.
1022 4215 1133 4273 Potius
1159 4215 1257 4290 τέχνας
1283 4217 1518 4289 suppleverinr,

243 4313 314 4372 coll.
340 4316 517 4388 Antiphon.
545 4317 666 4387 11149,
693 4317 729 4386 2,
755 4315 916 4375 Xenarch.
943 4317 989 4375 ΙΙΙ
1015 4319 1100 4391 3221,
1127 4318 1253 4377 Alexid.
1283 4319 1326 4376 lll
1352 4320 1393 4375 411
1419 4321 1469 4381 12).

199 4413 249 4474 Fr.
275 4416 345 4487 143,
372 4418 401 4474 3.
432 4416 606 4490 perperam
638 4417 685 4475 Bl.
717 4413 776 4474 dab
808 4425 859 4475 τοῦ
883 4418 993 4492 τρόπον
1017 4441 1075 4492 μου
1106 4419 1268 4495 λαμβάνων
1296 4435 1352 4494 pro
1377 4424 1519 4494 μεταλαμ-

243 4514 359 4590 βάνων,
383 4518 465 4589 qnod
492 4525 579 4578 recte
604 4519 727 4577 dictum
753 4523 815 4578 est.

199 4616 248 4675 Tr.
278 4617 349 4676 147.
375 4616 525 4678 Meliores
548 4619 608 4678 hos
634 4634 698 4678 vss.
724 4634 741 4678 e
766 4620 932 4679 Plutarchi
956 4621 1025 4680 loco
1050 4622 1160 4681 elicuit
1184 4624 1360 4683 Headlam:

519 4718 608 4778 οὐδέν
632 4715 685 4779 ἐστ’
712 4719 743 4780 ἐν
768 4720 942 4795 ἀνθρώποις
972 4721 1106 4794 <ὄλως>

520 4821 637 4898 γνώμη,
661 4823 733 4901 τύχη
758 4819 785 4882 d'
811 4822 946 4897 ἅπαντα,
972 4821 1012 4902 χώ
1036 4825 1145 4900 ταύτης
1169 4825 1265 4904 τυχὼν

523 4921 585 4985 (ἐν
607 4933 728 4989 nuncu>
754 4921 830 5002 ἡδύς
855 4923 912 4984 ἐστι
938 4924 986 4984 καὶ
1010 4926 1165 5003 νομίζεται.
