3502 5512
862 323 901 382 16

256 506 363 590 γμέτος
388 508 550 584 postulat,
582 525 625 569 ex
655 508 774 584 quibus
805 509 888 570 coni.
913 509 1001 586 prior
1023 513 1137 572 tamen
1164 513 1273 586 specie
1297 526 1362 572 non
1385 513 1475 572 caret
1498 493 1539 571 ob

257 612 404 673 similem
424 610 539 671 Eubuli
558 610 606 670 III
630 611 692 671 247
714 611 824 671 locum
844 609 973 690 χόνδρον
984 610 1064 695 αὐτῷ
1085 613 1201 673 δεύσετε
1221 610 1226 691 Ι
1247 613 1368 692 γάλακτι
1387 611 1536 690 χηνός.-

258 713 314 773 VS.
339 714 382 772 20
405 713 441 772 B.
466 706 522 787 οἴμ’
544 707 583 783 ὡς
611 708 731 783 ἀπολεῖς
747 705 772 788 μ’
805 708 939 771 ἐνταῦθα
971 707 1151 793 διατρίβουό
1176 711 1216 773 ἔτι
1237 711 1242 792 Ι
1263 712 1361 789 παρὸν
1383 713 1540 791 κολυμβᾶν

257 810 304 884 ὡς
328 806 413 891 ἔχετ’
439 811 480 883 εἰς
503 811 555 871 τὸν
582 811 744 891 Τάρταρον.
768 812 881 886 Neque
904 809 944 884 ὡς
963 808 1029 891 ἔχετ’
1052 815 1209 889 intellego
1226 830 1332 888 neque
1352 815 1438 889 quod
1455 814 1539 874 coni.

257 915 306 975 Bl.
331 910 378 985 ὡς
401 911 502 991 ἔχεις
525 912 566 985 εἰς
591 916 637 990 Τ.,
659 914 744 988 quod
769 914 855 974 male
876 915 1028 990 congruit
1048 931 1124 977 cum
1144 917 1253 991 prima
1272 931 1427 991 persona;
1445 913 1539 975 intel·

256 1017 400 1090 legerem
423 1015 555 1090 quidem
580 1015 666 1089 quod
688 1018 860 1090 praeterea
889 1017 1028 1077 coniecit
1056 1014 1095 1089 ὡς
1119 1012 1224 1095 τάχιστ’
1252 1015 1293 1088 εἰς
1320 1020 1368 1093 Τ.,
1392 1018 1450 1079 sed
1475 1016 1540 1077 vio·

256 1117 375 1178 lentior
398 1119 450 1176 est
473 1116 627 1176 mutatio.
652 1115 770 1190 Quidni
795 1116 900 1176 multo
924 1116 1032 1178 lenius

482 1215 579 1296 παρὸν
602 1217 757 1293 κολυμβᾶν
781 1213 827 1287 ὡς
851 1216 919 1295 ἔχω
939 1211 967 1288 ’ς
990 1217 1042 1278 τὸν
1069 1217 1245 1296 Toiprcpov?

256 1320 312 1381 Vs.
338 1321 390 1381 25.
421 1315 591 1397 κεχυμένας
615 1319 704 1378 recte
728 1317 834 1378 Kock:
858 1333 904 1380 sc.
930 1320 1147 1390 1011111111111
1171 1321 1221 1381 ed.
1246 1319 1334 1380 male
1356 1317 1539 1397 κεχυμένας).

257 1421 313 1481 VS.
338 1423 379 1482 26
408 1421 578 1495 ingeniose
608 1419 657 1479 Bi.
688 1415 830 1497 ἐκρέματο
860 1414 935 1479 κάλ’
969 1418 1042 1480 ἀπὸ
1073 1429 1132 1480 τῶν
1161 1421 1310 1480 κλαδῶν
1333 1420 1409 1480 ἰδεῖν
1431 1421 1539 1482 multo

256 1527 290 1582 et
308 1522 429 1581 melius
448 1526 482 1581 et
500 1520 703 1582 modulatius
725 1535 826 1595 quam
851 1521 954 1583 Koclr.
969 1556 1009 1566 -
1031 1522 1085 1583 Vs.
1112 1524 1154 1583 29
1184 1525 1315 1598 requiro
1342 1518 1540 1602 ἡβυλλιῶσαι,

255 1621 291 1680 τὰ
321 1621 396 1701 ῥόδα
423 1620 753 1701 <inconsumptus
783 1638 862 1683 nam
895 1624 972 1683 ferri
1003 1625 1117 1698 nequit
1143 1626 1230 1700 quod
1253 1625 1346 1686 Kock
1369 1624 1540 1699 rescripsit

256 1720 292 1782 τὰ
310 1721 386 1801 ῥόδα
402 1719 512 1785 <nub
527 1744 586 1782 κεκ.
599 1738 658 1798 pro
677 1720 727 1781 nui
738 1720 774 1782 τὰ
790 1722 865 1802 ῥόδα
877 1745 903 1782 κ.
919 1757 957 1767 -
974 1725 1028 1784 VS.
1040 1726 1082 1785 32
1102 1741 1160 1800 pro
1183 1723 1247 1784 uui
1270 1725 1380 1785 τῶνδ’
1408 1726 1539 1801 requiro

256 1824 405 1885 τούτων
430 1818 472 1899 δ’,
493 1839 572 1884 nam
597 1822 647 1883 ὅδε
670 1825 704 1883 in
729 1825 898 1885 comoedia
921 1840 986 1886 non
1008 1826 1151 1887 refertur
1174 1828 1214 1888 ad
1238 1828 1479 1888 antecedentia.
1500 1827 1537 1887 In

256 1925 371 1986 eodem
402 1926 542 1985 haerens
572 1925 622 1985 Bi.
653 1927 766 1985 minus
789 1931 879 1986 recte
903 1927 1044 1987 coniecit
1070 1925 1121 1986 καὶ
1144 1923 1264 1998 ταῦθ’,
1286 1928 1542 1990 undenascitur

254 2041 357 2101 prava
376 2027 558 2102 sententia,
577 2027 655 2100 quia
678 2042 847 2086 comesa
869 2031 903 2087 et
926 2032 1053 2102 epota
1075 2030 1207 2103 quidem
1227 2030 1386 2104 duplicari
1399 2030 1540 2090 absurde

252 2128 415 2202 dicuntur,
448 2142 488 2187 ea
519 2143 596 2188 vero
619 2143 761 2202 quorum
784 2143 861 2203 pars
885 2129 1041 2190 absumta
1062 2136 1126 2205 ost,
1153 2147 1229 2191 cum
1253 2130 1413 2192 miraculo
1436 2130 1538 2206 dupli·

257 2229 323 2289 cari
347 2229 412 2288 dici
432 2232 583 2303 possunt.

212 2331 264 2390 Fr.
292 2332 365 2407 109,
393 2333 408 2390 1
434 2327 622 2406 &opsidione
645 2346 703 2404 pro
726 2327 923 2402 ἀσπαλάθους
948 2347 1013 2392 non
1037 2333 1213 2409 11111111,
1244 2333 1419 2394 infeliciter
1442 2346 1491 2392 vs.
1518 2333 1537 2392 2

256 2429 354 2490 ἄνθεα
379 2434 514 2492 tentans
536 2447 594 2507 pro
618 2432 779 2508 1(ε)ίμαιια,
803 2433 888 2506 quod
911 2448 1031 2493 sanum
1055 2434 1194 2494 videtur.

212 2534 263 2593 11.
288 2534 360 2607 113,
387 2535 418 2594 3.
442 2534 555 2593 Placet
577 2533 745 2607 Blaydesii
769 2534 851 2593 coni.
876 2531 952 2592 τιούκ
971 2532 1050 2592 ἔστιν
1070 2533 1158 2612 ἰχθὺς
1177 2532 1286 2605 ittig
1307 2530 1378 2594 οὐδὲ
1399 2526 1440 2605 εἷς
1453 2533 1535 2612 βόαξ.

209 2634 260 2694 11.
289 2635 361 2694 1211.
386 2634 528 2693 Dubium
552 2636 664 2694 utrum
688 2638 777 2693 recte
801 2634 945 2708 explicet
968 2634 1074 2710 Koch,
1101 2651 1142 2695 an
1167 2636 1348 2696 credendus
1368 2636 1414 2696 sit
1433 2636 1537 2710 isqui

255 2737 399 2810 loquitur
429 2735 663 2796 Deucalionem
694 2731 866 2792 obsecrare
897 2747 938 2793 ne
970 2750 1127 2809 umquam
1159 2737 1297 2811 posthac
1326 2737 1450 2811 piscem
1474 2737 1537 2796 sibi

253 2841 411 2912 apponat,
436 2837 521 2910 quod
545 2834 703 2895 dirissimi
727 2833 842 2893 diluvii
868 2835 1029 2895 memoria
1053 2838 1167 2897 vexari
1191 2837 1285 2897 nolit.

209 2940 261 2999 Fr.
290 2941 362 3015 121,
391 2941 419 2999 1.
455 2936 636 2997 Verborum
668 2932 726 3010 ἅμα
756 2927 827 2992 ποθ’
861 2931 945 3004 ὑμεῖς
976 2951 1112 3009 prorsus
1137 2939 1264 2998 incerta
1286 2939 1460 3012 correctio,
1486 2938 1535 2998 Bl.

254 3041 407 3116 proponit
435 3031 494 3114 ἆρά
523 3032 593 3096 ποθ’
621 3028 704 3096 οὗτοι
727 3033 856 3095 καὶ....
880 3035 1071 3111 improbans
1094 3038 1211 3098 Kockii
1234 3040 1317 3099 coni.
1343 3055 1391 3099 vs.
1418 3041 1437 3099 2
1462 3036 1536 3098 ἀπὸ

253 3150 306 3219 τῆς
329 3138 445 3221 ὀροφῆς
468 3141 502 3200 11
525 3153 651 3214 ponens
674 3138 806 3212 signum
830 3139 1055 3212 interrogandi
1077 3143 1152 3214 post
1175 3140 1410 3219 λαγαριζόμεαοι.

209 3245 261 3305 11.
289 3246 361 3305 123.
397 3241 511 3303 Nauck
547 3243 661 3301 monet
693 3239 727 3298 in
762 3239 878 3300 11111111
908 3239 1030 3301 11111.
1061 3241 1125 3315 legi
1163 3239 1339 3313 Εὔπολις
1374 3242 1535 3302 Πόλεσι·

254 3355 402 3423 παρῆμεν,
436 3338 494 3403 ἀλλ’
532 3340 589 3402 οὐκ
618 3331 701 3418 ἧσθ’
736 3335 782 3398 liv
811 3339 854 3399 οὐ
885 3338 1020 3419 παρόντα
1050 3362 1100 3418 με,
1131 3343 1186 3402 ubi
1210 3343 1277 3402 iam
1302 3343 1338 3403 G.
1363 3342 1536 3404 Wolfiium

254 3448 452 3508 emendasse
474 3442 667 3527 ᾐσθάνσυ.

209 3548 260 3608 11.
289 3550 361 3623 130,
387 3549 417 3608 2.
448 3554 502 3606 ταῦ
532 3543 649 3620 σπόρου
675 3557 733 3618 pro
758 3539 922 3617 σπέρματος
945 3542 994 3601 Bl.
1018 3543 1281 3616 improbabiliter
1304 3547 1436 3619 propter
1460 3547 1535 3605 arti-

251 3650 377 3724 culum,
403 3663 463 3708 nec
486 3646 627 3707 fortasse
651 3642 862 3704 sollicitanda
884 3643 1007 3702 tradita
1029 3642 1137 3703 lectio.
1158 3644 1214 3705 Vs,
1236 3648 1255 3704 5
1276 3643 1433 3721 ῥεύσονται
1452 3645 1537 3706 bene

250 3756 365 3812 contra
397 3765 449 3810 me
480 3751 596 3812 tuetur
626 3744 730 3817 Koclr,
762 3744 819 3803 sed
843 3743 928 3816 quod
952 3744 1107 3816 proposui
1130 3743 1309 3819 παρέσονται
1331 3760 1396 3805 non
1428 3747 1538 3820 magis

255 3850 508 3927 „incredibiliter
528 3846 685 3920 languet'’
710 3859 810 3919 quam
829 3851 970 3919 παρῆσαν
990 3843 1141 3904 Teleclid.
1163 3845 1177 3904 1
1200 3845 1231 3904 9.
1254 3878 1291 3887 -
1310 3844 1366 3905 Vs.
1393 3847 1411 3905 7
1436 3846 1537 3922 ζωμοῦ

253 3970 310 4029 pro
333 3952 471 4030 βοτρύων
495 3949 673 4010 manifeste
696 3948 848 4020 corrupto
872 3944 920 4004 Bl.
941 3959 1006 4004 non
1026 3946 1130 4014 male,
1155 3961 1354 4019 quamquam
1374 3945 1537 4007 leniorem

254 4055 390 4115 mallem
414 4051 591 4113 medelam.

208 4157 260 4217 11.
289 4157 361 4229 131,
388 4155 417 4214 5.
442 4146 541 4211 παιᾶν’
569 4139 755 4225 ρ1οτταιῶν’
782 4147 996 4220 exspectatur
1020 4159 1093 4203 cum
1119 4145 1168 4205 Bl.

208 4258 260 4317 11.
288 4258 360 4331 132,
387 4257 417 4315 2.
441 4256 512 4315 Non
531 4250 681 4326 praestat
701 4245 856 4320 vulgatae
874 4245 1007 4304 lectioni
1026 4244 1272 4321 ιτεριττ1άττομεν,
1291 4247 1376 4319 quod
1388 4250 1472 4308 coni.
1486 4250 1536 4311 Bl.

209 4359 259 4419 11.
287 4359 359 4432 134,
389 4359 415 4416 1.
448 4356 481 4415 Si
513 4351 689 4426 respicitur
719 4346 929 4421 proverbium
961 4344 1013 4411 (cl.
1037 4344 1154 4420 Kock),
1178 4344 1369 4422 legendum,
1393 4351 1432 4408 ut
1454 4349 1536 4410 olim

252 4458 421 4534 proposui,
459 4451 507 4530 ὄψ’
541 4445 647 4531 ἦλθες,
680 4439 776 4517 οὗτος.
801 4479 841 4488 -
866 4446 922 4505 Vs.
944 4447 974 4504 2.
1000 4445 1062 4505 Pro
1089 4442 1200 4503 ιτ1ατὲα
1231 4445 1279 4504 Bi.
1313 4445 1405 4524 τιαχέα
1437 4451 1538 4513 malit

252 4563 385 4635 propter
406 4555 513 4627 λεπτάς
537 4569 586 4614 vs.
612 4552 631 4611 5
656 4548 753 4622 (quod
776 4548 886 4620 ipsum
908 4545 1061 4619 laborat),
1082 4545 1139 4605 sed
1159 4561 1234 4605 cum
1254 4548 1376 4606 tradita
1393 4548 1538 4612 lectione

253 4661 373 4720 melius
393 4659 583 4732 conspirant
602 4654 675 4726 ipsa
688 4649 788 4708 verba
807 4647 990 4720 sequentia.
1007 4680 1045 4689 -
1059 4645 1115 4705 Vs.
1129 4649 1159 4705 5.
1174 4646 1332 4719 Suspecta
1343 4654 1422 4709 sunt
1435 4653 1538 4714 verba

251 4763 371 4836 λειιτάς,
390 4757 495 4838 μέσας,
512 4759 585 4817 sive
604 4753 688 4813 latet
706 4748 919 4823 μεσομφάλους
939 4746 1024 4815 (coll.
1038 4745 1238 4820 Theopompi
1250 4747 1288 4806 fr.
1303 4749 1347 4820 3),
1361 4750 1435 4810 sive
1447 4749 1538 4811 ἕπτα-

250 4863 395 4934 ιιοτύλους
414 4861 561 4933 aliudve,
583 4869 661 4915 nam
681 4864 783 4909 unum
810 4847 914 4907 latere
939 4847 1069 4906 videtur
1093 4846 1300 4907 vocabulum.
1320 4847 1367 4909 (ll.
1380 4850 1538 4926 Hippocr.
