3502 5512
798 397 859 455 197

212 580 412 656 iungendum
433 596 507 640 cum
528 578 710 657 ἐπηρώτησε,
736 586 773 642 ut
793 583 838 642 sit
864 582 952 643 alta
978 599 1094 659 voce,
1119 585 1204 644 sicut
1230 585 1261 642 in
1286 580 1358 661 μέγα
1382 579 1490 661 λέγειν,

211 685 301 760 βοᾶν,
327 682 488 752 σιενύζειν,
511 683 676 745 similibus
700 683 841 744 multis?
864 684 933 744 Hoc
952 685 1062 760 potius
1082 685 1285 745 crediderim.
1301 720 1339 728 —
1359 686 1412 745 Vs.
1437 688 1487 746 10.

212 783 292 844 ἔστι
326 782 507 842 κατάλοιπον
541 785 610 845 cod.
648 789 686 856 A]
720 783 777 844 ἔτι
812 784 956 858 Dobree,
988 787 1095 859 Kock;
1128 784 1206 845 ἔστιν
1237 784 1278 846 ἔτι
1309 787 1415 846 λοιπόν
1439 788 1487 846 Bl.

214 885 338 945 Addere
369 885 493 960 possim
525 881 566 943 ἔν’
594 877 639 962 ἦν
663 886 856 960 καιύλοιπον,
887 902 971 960 quae
994 887 1264 961 frequentissima
1287 890 1339 948 est
1362 888 1488 948 dicendi

213 988 306 1047 ratio.
328 1020 369 1027 -
387 985 442 1046 Vs.
471 988 519 1060 12,
544 988 583 1047 19
604 990 637 1047 et
656 990 699 1049 46
720 991 807 1048 recte
819 988 867 1047 Bl.
889 988 1034 1048 defendit
1053 1004 1072 1048 a
1091 989 1205 1050 Kockii
1226 989 1431 1049 coniecturis.
1450 1023 1483 1030 -

213 1089 267 1148 Vs.
293 1089 344 1148 20.
377 1088 469 1148 Idem
493 1091 527 1148 et
556 1088 717 1149 Headlam
744 1087 927 1166 μανθάνειςς
950 1090 1101 1150 inserunt
1124 1093 1200 1150 ante
1224 1088 1260 1150 ού
1284 1088 1432 1166 μανθάνω
1457 1093 1489 1149 et

214 1206 262 1250 vs.
295 1191 335 1248 24
367 1189 415 1248 Bl.
454 1186 543 1267 ἔμοιγε
574 1194 651 1250 ante
688 1191 816 1267 κούκαν,
866 1190 1027 1250 Headlam
1068 1207 1145 1252 vero
1188 1208 1264 1252 oum
1298 1191 1489 1252 casaubono

212 1288 371 1368 ύνθραπε,
397 1290 462 1351 alia
485 1291 645 1367 Meinelre‚
671 1308 729 1353 nec
753 1292 830 1367 quid
855 1309 970 1353 verum
993 1294 1038 1353 sit
1060 1295 1122 1354 dici
1146 1295 1264 1368 potest.
1290 1327 1330 1335 -
1355 1293 1411 1353 Vs.
1437 1295 1489 1358 26.

213 1393 261 1452 Bl.
286 1393 325 1452 de
348 1392 480 1451 λαικάσει
503 1393 558 1453 cft.
583 1394 794 1468 Cephisodori
817 1395 856 1455 ir.
880 1396 910 1469 3,
936 1397 966 1455 5.

169 1554 323 1620 Biottus.
355 1555 530 1631 Perperam
554 1558 603 1618 Bl.
637 1559 790 1616 ΒΙΟΤΟΣ
821 1558 1050 1632 corrigendum
1073 1561 1178 1632 putat.
1204 1559 1323 1619 Forma
1345 1558 1490 1618 nominis

213 1672 288 1717 cum
312 1656 432 1732 duplici
459 1660 485 1715 Τ
505 1660 630 1734 passim
654 1660 795 1720 occurrit
817 1660 851 1719 in
874 1658 992 1720 titulis.

171 1815 384 1883 Athenionis
407 1820 446 1879 fr.
474 1821 501 1894 1,
528 1821 557 1879 2.
583 1821 630 1881 Bl.
656 1815 769 1880 πλεῖσθ’
797 1819 871 1891 ὅλως
895 1821 959 1891 (vel
982 1825 1101 1881 πλεῖστα
1125 1820 1173 1896 δὴ)
1197 1821 1393 1899 προενήνοχε;
1417 1838 1489 1881 usu·

214 1935 275 1994 que
298 1935 378 1980 sane
402 1920 651 1981 commendatur
676 1922 783 1981 torma
805 1922 925 1982 activa.
944 1954 983 1964 -
1004 1921 1060 1981 Vs.
1084 1923 1123 1981 16
1148 1925 1181 1982 et
1201 1938 1248 1983 ve.
1263 1924 1305 1983 20
1325 1919 1373 1980 ἓπλ
1392 1924 1490 1997 μεῖζον

213 2037 271 2096 pro
295 2018 342 2080 ἐπὶ
365 2025 468 2080 πλεῖον
490 2023 627 2096 requirit
650 2023 751 2097 idem,
776 2020 823 2082 ἐπὶ
846 2016 953 2081 πλείον’
980 2023 1093 2083 Nauck
1113 2024 1170 2082 vix
1189 2027 1295 2097 recte;
1316 2024 1490 2098 legendum

216 2122 344 2183 videtur
364 2119 411 2181 ἐπὶ
430 2120 521 2181 πλέον
538 2114 662 2200 (ηὖξον).
674 2158 712 2168 -
724 2125 779 2184 Vs.
795 2126 847 2184 22.
868 2124 1018 2184 Praefero
1032 2124 1150 2183 Naberi
1163 2125 1399 2185 correctionem
1412 2146 1491 2203 γεγε-

217 2220 351 2298 νημένων
371 2223 558 2284 Kockianae
576 2223 690 2302 ἐράνων
710 2224 820 2300 μόνων.
836 2259 874 2266 -
888 2224 944 2286 Vs.
966 2226 1018 2285 30.
1043 2220 1231 2303 dreylyypov'‚
1244 2225 1317 2286 coll.
1329 2223 1491 2304 yayypavwi

216 2325 366 2385 Axionici
398 2325 436 2384 ir.
461 2327 491 2400 3,
517 2327 547 2400 3,
579 2327 649 2386 iure
680 2327 740 2401 Bl.‚
779 2327 833 2400 qui
862 2324 1054 2403 ὑποκρούσας
1089 2327 1327 2401 interpretatus
1361 2326 1492 2399 πατάξας

216 2427 297 2494 (coll.
319 2427 446 2487 Alexid.
472 2428 630 2512 σιλφίῳ-
647 2428 777 2500 πατάξας
803 2430 853 2499 [0])
877 2431 981 2506 γλυκεῖ
1000 2427 1161 2491 violenter
1180 2430 1290 2488 mutat
1307 2429 1339 2487 in
1360 2425 1420 2501 ἁλί,
1440 2429 1491 2488 cui

215 2532 384 2604 praeterea
407 2530 596 2590 consuetius
616 2526 684 2588 ἁλσί
706 2530 913 2605 praetuleris,
938 2533 1026 2590 recte
1050 2533 1161 2590 autern
1185 2529 1275 2590 Kock
1299 2533 1402 2607 γλυκεῖ
1420 2529 1492 2614 οἴνῳ

215 2629 396 2700 intellexit;
410 2627 605 2706 Ιὑποκρούειν,
617 2631 645 2690 si
658 2646 775 2690 sanum
785 2677 792 2706 ,
802 2633 853 2690 est
864 2632 1013 2704 ignotum
1026 2631 1120 2690 nobis
1131 2630 1268 2690 verbum
1281 2630 1491 2706 culinarium,

215 2733 272 2792 sed
305 2732 413 2807 potius
444 2731 639 2791 mendosum
674 2732 811 2791 videtur.
838 2765 877 2774 -
901 2731 957 2791 Vs.
982 2732 1034 2791 32.
1065 2730 1261 2801 πουλύποδας
1289 2731 1393 2806 Kock,
1418 2732 1490 2792 coll.

216 2834 404 2894 Anaxandr.
429 2832 466 2892 ir.
492 2834 552 2907 30,
577 2832 749 2893 substituit
772 2848 829 2907 pro
849 2830 1020 2904 πολυτελές,
1041 2832 1098 2892 sed
1118 2835 1249 2907 propter
1268 2833 1377 2892 vicina
1400 2848 1491 2893 voca-

216 2936 291 2995 bula
325 2951 400 2995 cum
435 2935 483 2995 Bi.
514 2934 630 2994 malim
663 2935 852 2994 πουλύποδα.
879 2969 918 2978 -
944 2934 998 2994 Vs.
1024 2935 1077 2994 42.
1114 2934 1175 2994 Pro
1209 2931 1375 2992 ὑπακούειν
1409 2934 1492 2993 bene

216 3037 376 3096 Headlam
406 3036 540 3110 corrigit
565 3032 738 3109 ἐπακούειν,
761 3035 818 3094 sed
846 3036 922 3109 quia
949 3035 1010 3094 boc
1034 3035 1171 3095 verbum
1195 3037 1384 3109 genetivum
1409 3037 1493 3109 regit

215 3138 330 3197 cadem
364 3153 462 3212 opera
496 3136 637 3197 scribere
668 3137 824 3197 debuerat
853 3132 939 3212 ἡμῶν
969 3152 1027 3211 pro
1053 3132 1133 3212 ἡμῖν.
1159 3171 1197 3177 -
1224 3136 1279 3197 Vs.
1304 3140 1356 3197 44.
1381 3139 1492 3211 Neque

215 3239 352 3299 Iucobsll
376 3240 562 3299 coniectura
585 3236 671 3311 ἀφεὶς
691 3253 796 3312 neque
816 3237 960 3298 Coraesii
972 3236 992 3296 ti
1004 3260 1064 3314 φης
1084 3237 1252 3313 (probante
1265 3238 1324 3306 Bl.)
1345 3254 1402 3313 pro
1417 3234 1492 3313 ύφὲς

215 3340 364 3401 sufficere
389 3341 526 3399 videtur.
551 3340 765 3400 Probabliiter
788 3340 907 3400 Naber:
933 3336 1007 3416 ὑπὲρ
1028 3337 1178 3415 εὐσεβείας
1198 3330 1253 3398 οὖν
1278 3340 1403 3408 (malim
1425 3346 1491 3408 νῦν)

216 3440 307 3511 ἅλιςΙ
331 3449 445 3499 παῦσαι
469 3438 574 3519 λέγων.
600 3440 733 3517 ἥμαρτον
758 3438 815 3499 κτὲ.

174 3601 369 3667 Alexandri
404 3605 515 3664 fabula
551 3605 808 3663 ΤΙΤΙΓΟΝΙΟΝ.
845 3603 890 3663 De
926 3603 1053 3662 ultimis
1088 3604 1203 3662 Kockii
1239 3603 1346 3662 verbis
1381 3602 1492 3661 Nauck

218 3708 331 3765 monet
353 3706 386 3766 in
410 3707 515 3766 indice
538 3705 737 3766 Aristoteleo
761 3705 825 3780 legi
849 3703 1104 3783 ιεπιιγύνιον.

174 3854 377 3921 llcxlcratis
399 3857 438 3917 fr.

483 3956 510 4016 εἰ
532 3953 564 4017 δὲ
587 3957 692 4034 μεθύω
716 3954 765 4016 καὶ
789 3956 875 4034 plova
899 3955 976 4015 πίνω
1000 3954 1050 4014 καὶ
1073 3957 1171 4033 μύρον

484 4053 614 4136 ἐπίσταμ’
641 4057 695 4118 ὅτι
719 4058 876 4136 κράτιστον
904 4057 1053 4136 Αἴγυπτος
1077 4061 1149 4116 ποεῖ
1169 4091 1208 4100 -

216 4161 337 4221 Deesse
368 4161 524 4235 apodosin
557 4161 794 4221 animadvertit
824 4159 927 4234 Kodr,
961 4160 1018 4219 sed
1049 4160 1210 4233 corrigere
1234 4159 1390 4231 debuerat
1413 4156 1429 4214 ύ
1452 4180 1482 4214 ιι

218 4263 341 4321 Sensus
390 4262 495 4321 enim:
542 4266 582 4322 et
624 4277 698 4321 usu
741 4262 839 4322 novi
875 4261 1069 4334 quidquid
1104 4260 1254 4334 opiimi
1290 4259 1493 4332 unguenti

217 4365 414 4439 producit
448 4365 678 4439 Aegyptus.
716 4363 803 4423 Nihil
834 4378 916 4437 opus
947 4363 1090 4423 violenta
1119 4361 1283 4435 Blaydesii
1308 4360 1495 4420 coniectura

217 4465 302 4548 μύρῳ
323 4460 327 4545 l
348 4458 492 4541 μυρίζομ’.

175 4628 355 4694 Dcrnonicl
382 4629 420 4688 ir.
448 4630 475 4702 1,
501 4629 530 4687 3.
564 4627 687 4687 Iniuria
711 4626 758 4686 Bi.
790 4627 895 4700 carpit
918 4625 1090 4699 Cobetum,
1123 4625 1207 4697 quod
1230 4623 1314 4694 εἴπας
1337 4638 1401 4683 non
1425 4637 1493 4682 mu·

215 4733 295 4792 tarit
319 4732 351 4790 in
375 4730 476 4789 εἰπών.
501 4729 704 4804 Quantopere
728 4729 797 4804 ipse
817 4730 904 4788 erret
928 4727 1050 4787 videbit
1069 4726 1215 4800 inspecto
1234 4725 1354 4785 Iacobii
1374 4722 1493 4783 Indice.

219 4834 307 4892 Scire
332 4848 361 4892 v.
387 4849 413 4892 c.
440 4831 537 4890 velim
562 4831 637 4904 quid
662 4830 761 4889 faciat
795 4843 875 4889 mon
898 4827 1054 4903 Euangeli
1077 4827 1116 4886 fr.
1143 4830 1171 4902 1,
1195 4829 1210 4886 1
1232 4825 1340 4886 verbis
1361 4817 1428 4883 ελπύ
1448 4839 1495 4882 σοι

217 4934 251 4994 in
273 4933 337 4994 fine
360 4933 519 4994 octonarii
543 4931 711 4991 trochaici.
