3502 5512
883 317 945 377 192

252 506 302 567 Fr.
329 508 358 581 7,
385 509 413 567 5.
994 503 1039 565 ὅτι
1061 502 1274 584 πεπλασμένως

518 604 550 665 τὸ
573 613 694 684 πρᾶγμα
718 615 1015 683 παρακεντοῦσι
1039 605 1114 666 κούκ
1137 604 1303 685 ἀληθενῶς.

293 710 443 769 Nondum
467 709 611 784 poenitet
635 723 688 768 me
712 708 796 768 hanc
819 708 993 769 lectionem
1017 709 1240 770 defendissea
1264 726 1365 785 prava
1384 711 1574 770 coniectura

293 810 506 888 περιπέττουσι.
538 810 626 870 Scire
656 811 743 869 enim
777 811 876 870 velim
908 827 971 885 qua
998 812 1063 872 alia
1086 813 1212 872 ratione
1235 828 1335 886 quam
1358 808 1572 887 πεπλασμένως

292 912 366 972 κούκ
389 910 543 989 ἀληθινῶς
566 913 671 986 possit
694 913 813 986 aliquis
837 911 1019 991 περιπέττειν
1043 939 1070 974 τι
1092 924 1222 993 πρᾶγμα.

249 1062 386 1146 Epidici
411 1065 448 1123 fr.
477 1066 504 1137 1,
533 1068 559 1124 l.
593 1061 813 1138 ἕπαλφιιοῦνια
837 1059 865 1122 δ’
892 1056 976 1124 οἶνον
1000 1073 1053 1124 τοῦ
1075 1062 1187 1144 θέρους
1214 1064 1285 1126 ποτέ
1307 1083 1383 1127 cum
1406 1069 1572 1143 spondaeo

292 1167 325 1224 in
348 1166 424 1225 sede
448 1169 565 1238 quarta
583 1165 646 1238 Β1.,
672 1166 726 1238 qni
751 1165 823 1225 sine
845 1167 925 1226 vitio
946 1167 1090 1227 scribere
1107 1170 1260 1243 potuerat
1278 1166 1499 1244 ἕπολφινοῦντα
1519 1177 1574 1228 τοῦ

292 1264 404 1342 θέρους
416 1259 500 1324 ολνον
513 1267 574 1336 (vel
590 1260 616 1324 δ’
632 1258 727 1334 οἶνόν)
740 1287 818 1325 ποτε.
832 1268 893 1327 Sed
907 1269 1180 1341 acquiescendum
1194 1269 1306 1330 Cobeti
1319 1272 1573 1331 correctione.—

294 1371 347 1429 Vs.
374 1372 402 1430 7.
428 1369 657 1430 coniecturam
678 1385 788 1429 meam
808 1368 923 1445 νασμὸν
947 1371 1078 1446 μελίττης
1103 1372 1153 1439 (ci.
1179 1373 1355 1448 Antiphan.
1377 1375 1429 1448 52,
1451 1374 1482 1443 i)
1503 1389 1573 1448 pro·

293 1473 348 1532 bat
371 1473 430 1547 Bt,
454 1473 509 1547 qui
533 1488 589 1531 cnr
612 1471 756 1532 notabile
787 1475 880 1547 putet
902 1470 995 1549 ὑγρὸν
1019 1477 1168 1548 correpta
1192 1475 1297 1549 priore
1324 1477 1373 1544 (ut
1396 1474 1516 1547 ubique
1540 1476 1574 1532 in

293 1574 472 1641 comoedia)
497 1589 550 1633 me
575 1574 704 1646 quidem
730 1572 821 1633 latet.

249 1677 299 1735 Fr.
325 1677 354 1749 2,
380 1678 409 1733 4.
435 1675 482 1733 Bi.
515 1674 609 1733 malit
640 1673 866 1750 περιάγεκς>ς
890 1674 977 1734 Cur?
1003 1709 1041 1716 —
1069 1676 1122 1735 VS.
1150 1676 1201 1735 10.
1233 1675 1409 1750 Vulgatum
1434 1674 1573 1751 ιε’σηκον·

292 1773 378 1845 εικὼς
402 1775 521 1834 melius
546 1775 699 1848 intellego
723 1790 819 1848 quarn
847 1773 1038 1850 ε’ξηιονεικώς
1062 1777 1147 1851 (BL),
1176 1777 1260 1850 quod
1285 1777 1508 1851 compositum
1532 1778 1574 1837 de

293 1877 450 1938 iaculis
473 1879 660 1951 usurpatur,
684 1892 748 1936 non
773 1877 811 1936 de
831 1878 958 1954 bestiis,
983 1893 1066 1952 qnae
1090 1878 1206 1939 iaculis
1230 1881 1396 1953 petuntur.

248 2024 476 2092 Phoenicldis
500 2027 538 2086 fr.
564 2027 593 2100 2,
622 2029 649 2085 1.
674 2022 790 2105 λέγουσι
814 2042 871 2101 pro
896 2024 1033 2104 λέγουσιν
1058 2029 1105 2087 Bl.

248 2130 298 2189 Fr.
324 2133 354 2203 4,
380 2130 410 2188 8.
442 2129 504 2188 Pro
532 2127 696 2204 λαμβάνειν
727 2128 814 2186 idem
847 2129 986 2188 coniecit
1020 2128 1193 2204 προσδοκᾶν
1224 2128 1393 2188 violenter.
1429 2129 1575 2191 Felicius

290 2227 449 2305 ἀναμένειν
470 2230 608 2303 Madvig.
629 2228 754 2288 Ibidem
767 2223 841 2286 τοῦι’
857 2233 914 2289 aut
934 2224 1012 2288 tubr'
1027 2227 1188 2299 (=mdrh)
1202 2231 1330 2303 requiro
1349 2245 1407 2305 pro
1427 2224 1519 2288 ταῦτ’,
1531 2266 1571 2274 -

292 2332 348 2390 Vs,
376 2333 415 2391 12
440 2348 509 2404 sqq.

929 2431 1072 2509 λαμβάνω
1097 2427 1124 2490 δ’
1151 2429 1242 2491 ἄλλον
1265 2430 1344 2507 τινά,

570 2530 683 2607 ἰατρόν,
706 2521 793 2600 οὗτος
818 2528 945 2607 εἰσάγων
968 2532 1138 2603 πολλούς
1162 2555 1243 2603 τινας

568 2627 658 2707 ἔτεμν
685 2629 766 2706 ἔκαε,
789 2629 902 2707 πτωχὸς
927 2623 972 2708 ἦν
997 2629 1046 2690 καὶ
1070 2632 1186 2709 δήμιος.

291 2737 351 2793 Pro
374 2733 516 2806 πολλούς,
539 2733 622 2806 quod
646 2747 727 2791 sane
749 2731 898 2805 languet,
924 2732 1015 2792 Kock
1034 2733 1177 2793 coniecit
1203 2733 1331 2811 χωλούς,
1354 2737 1390 2794 at
1408 2734 1441 2793 in
1463 2734 1573 2794 clau·

290 2835 361 2895 dos
385 2849 499 2909 parum
521 2834 680 2907 quadrare
701 2832 830 2891 videtur
848 2830 879 2890 τὸ
900 2829 1015 2907 τέμνειν
1034 2831 1083 2891 καὶ
1103 2833 1195 2893 κάειν.
1209 2835 1271 2895 Sed
1284 2835 1389 2895 multo
1403 2834 1572 2895 infelicius

288 2937 396 3006 νόσους
431 2935 570 2996 coniecit
600 2934 659 3008 Β1.,
692 2933 776 3006 quod
808 2934 900 2992 omni
930 2949 1030 2994 sensu
1055 2939 1158 3011 caret,
1183 2951 1243 2996 nec
1266 2936 1408 3013 νοοερούς
1440 2937 1569 2997 dictum

288 3053 346 3112 pro
376 3044 540 3105 νοσοῦντας
572 3035 666 3109 plane
697 3033 778 3092 mihi
810 3034 984 3094 satisfacit.
1017 3035 1121 3095 Malus
1153 3039 1263 3097 autem
1289 3037 1450 3111 medicus,
1476 3053 1569 3111 prae·

286 3140 402 3199 sertim
423 3139 451 3196 is
472 3137 525 3211 qui
538 3151 669 3208 semper
680 3137 771 3193 secat
787 3135 928 3208 uritque,
950 3136 1075 3209 optime
1095 3137 1291 3197 carnifex
1311 3138 1439 3211 dicitur,
1454 3137 1569 3211 itaque

288 3240 394 3317 δήμιος
417 3240 559 3313 pessime
582 3237 613 3293 in
638 3235 857 3308 suspicionem
885 3237 1015 3295 vocavit
1038 3236 1100 3312 Bt,
1125 3237 1234 3312 paullo
1258 3241 1372 3298 contra
1395 3238 1570 3298 obscurius

288 3344 340 3401 est
361 3337 489 3416 πτωχὸς,
511 3338 574 3397 nisi
598 3337 818 3410 corrigamus:

594 3431 683 3513 ἴτεμν’
711 3435 792 3512 ἔκαε,
814 3435 927 3513 πτωχὸς
951 3434 1000 3496 ὢν
1023 3436 1073 3496 καλ
1097 3437 1220 3514 deipnos:

286 3546 305 3603 i.
331 3559 357 3603 e.
396 3557 490 3616 „curn
526 3541 659 3614 propter
694 3538 922 3597 inhaerentem
959 3540 1092 3612 pauperi
1124 3540 1298 3599 avaritiam
1327 3542 1399 3599 turn
1431 3543 1569 3615 propter

284 3645 406 3718 ingenii
427 3641 689 3710 crudelitatem’‘.
712 3639 870 3697 Medicam
891 3643 994 3698 artem
1010 3643 1188 3714 utcumque
1201 3656 1358 3701 exercens
1371 3641 1471 3701 homo
1484 3643 1568 3703 nihil

285 3745 419 3806 curabat
438 3743 503 3802 nisi
522 3741 704 3814 pecuniam.
726 3739 805 3798 Vide
826 3743 938 3798 tamen
959 3754 998 3799 ne
1018 3741 1122 3801 multo
1136 3742 1256 3801 clarius
1268 3745 1364 3817 poeta
1376 3744 1566 3817 scripserit:

575 3835 664 3915 ἴτεμν’
692 3838 771 3913 ἔκαε,
797 3839 949 3915 νωθρὸς
974 3836 1024 3898 ὢν
1047 3839 1097 3899 καὶ
1122 3841 1237 3919 δήμιος.

286 3950 305 4006 i.
331 3964 358 4006 e.
389 3942 510 4019 ἄπειρος
541 3938 591 3999 καὶ
626 3936 713 4016 ὠμός.
740 3974 778 3983 -
805 3941 861 3999 Vs,
896 3942 935 4000 18
971 3942 1193 4002 coniecturam
1225 3958 1335 4003 meam
1361 3941 1476 4004 ἔλαθον
1505 3962 1566 4022 pro

284 4040 381 4125 ἦλθον
404 4044 539 4119 probavi
564 4042 748 4116 Blaydesin.

239 4152 289 4210 Fr.
315 4154 344 4209 5.
370 4145 540 4208 Praeclare
571 4143 732 4202 Headlam
761 4158 802 4200 ex
827 4143 989 4202 Athenaei
1015 4143 1121 4202 verbis
1145 4143 1220 4202 VIII
1244 4146 1346 4204 alah
1370 4147 1564 4206 Phoenicidi

283 4251 423 4310 reddidit
447 4261 597 4305 versum:

526 4343 630 4405 κοινὸν
654 4337 795 4415 bolland,
818 4342 906 4418 ἰχθῦς
931 4339 962 4400 δὲ
986 4351 1043 4400 τῶν
1067 4339 1258 4420 ὠνουμένων.

280 4470 362 4528 qnae
386 4453 430 4511 sit
454 4448 588 4524 parodia
611 4445 766 4518 Aeschyli
790 4444 829 4502 fr.
856 4445 934 4503 398:

524 4546 628 4607 κοινὸν
651 4546 738 4622 τύχη,
760 4546 864 4623 γνώμη
889 4540 921 4601 δὲ
944 4553 1002 4601 τῶν
1026 4543 1222 4621 κεκτημένων.

279 4656 340 4715 cn.
365 4656 470 4714 Pluut.
491 4652 572 4710 Rud.
598 4648 764 4707 947-81.
780 4645 986 4704 -Ceterum
1008 4646 1125 4705 iniuria
1145 4647 1192 4705 Bl.
1213 4646 1375 4708 Koclrium
1393 4650 1426 4708 in
1447 4651 1563 4712 minus

276 4757 361 4816 felici
387 4756 484 4813 huius
508 4752 698 4812 coniectura
722 4748 824 4820 carpit
854 4745 885 4803 οἱ
913 4741 939 4802 d'
972 4744 1075 4821 ἰχθύες
1099 4746 1313 4822 scribentem,
1344 4750 1429 4821 quod
1456 4751 1563 4812 Attici

277 4858 308 4915 οῖ
328 4857 417 4932 ἰχθῦ,
447 4855 601 4914 dixerint.
632 4850 806 4908 Veteribus
837 4848 923 4906 enim
949 4846 1070 4905 Atticis
1094 4849 1250 4906 constans
1274 4848 1354 4907 haec
1378 4853 1430 4909 est
1454 4854 1560 4912 nomi·
