3502 5512
844 380 905 440 153

255 564 467 637 usurparunt,
489 565 522 624 et
542 565 598 624 vix
610 564 701 626 locus
714 567 765 626 est
784 566 941 640 optativo.
962 564 1032 625 Hoc
1045 578 1146 623 unum
1168 560 1311 636 ambigo,
1328 562 1440 620 utrum
1453 556 1532 616 δοκῶ

255 684 281 721 n
312 678 350 724 eo
381 678 478 737 quem
505 665 648 725 indicavi
679 681 780 727 sensu
804 666 1032 740 corrigendum
1056 665 1165 725 sitan
1189 661 1265 735 δόξω
1289 684 1315 721 τι
1339 676 1414 723 cum
1438 660 1531 734 Blay·

256 763 359 838 desio,
396 765 481 838 quod
511 767 540 825 si
570 767 835 844 praeferendum,
867 771 959 842 pater
988 766 1070 826 nihil
1092 766 1170 831 dum
1194 765 1261 825 tale
1283 765 1450 837 innuerat,
1475 762 1532 821 sed

257 863 316 924 tllii
343 866 502 926 orationis
532 868 612 928 haec
643 871 694 929 est
723 869 935 945 introductio,
973 881 1095 943 proque
1119 880 1157 926 ea
1192 865 1391 926 correctione
1425 863 1533 937 magis

257 965 381 1027 militat
402 968 524 1028 tradita
547 969 654 1030 lectio.

213 1067 264 1127 Fr.
289 1068 342 1144 95,
369 1071 397 1129 1.
422 1069 544 1147 κενοὺς,
567 1070 881 1148 disappointed.
907 1070 955 1135 Bl.

212 1167 264 1228 Fr.
289 1169 342 1244 96,
368 1169 397 1231 2.
428 1170 475 1230 De
507 1172 625 1232 vocula
654 1171 712 1245 πάξ
743 1188 830 1234 nunc
859 1172 899 1233 ci.
932 1172 1060 1232 lexicon
1093 1185 1205 1230 meum
1236 1167 1474 1243 suppletorium
1499 1169 1534 1227 61

256 1268 466 1331 dialecticum
490 1287 563 1347 pag.
589 1275 652 1333 621
678 1288 705 1334 s.
732 1290 761 1334 v.

212 1369 264 1431 Fr.
291 1371 364 1432 103.
389 1370 581 1452 ἰσχυρότατον
604 1378 730 1436 temere
753 1376 801 1436 Bl.
827 1375 873 1437 01.
898 1375 999 1436 Kock.

211 1471 263 1532 Fr.
291 1473 363 1547 105,
389 1476 419 1535 2.
444 1471 638 1553 μενέστρεψεν
661 1492 795 1538 mecum
818 1479 917 1538 idem.

212 1572 263 1634 Fr.
291 1575 362 1650 107,
389 1576 418 1635 2.
448 1573 570 1654 ἐγχέασα
603 1578 705 1655 idem,
731 1578 803 1640 coll.
827 1578 992 1639 Xenarch.
1020 1578 1070 1651 10,
1099 1578 1125 1636 1.
1151 1573 1353 1636 Probabilius
1372 1573 1532 1655 liemare,

257 1673 356 1737 Cobet
363 1722 370 1752 ,
396 1677 489 1738 Kock
511 1674 673 1756 ὕποχὲασα.

211 1775 262 1836 Fr.
289 1778 353 1837 110
388 1781 520 1856 propter
554 1780 620 1858 βιοῖ
649 1796 707 1856 pro
737 1781 772 1862 ζῇ
809 1783 898 1841 recte
928 1778 1104 1841 recentiori
1128 1780 1244 1853 poetae
1267 1776 1383 1838 tribuit
1406 1775 1533 1852 Nauck,

255 1880 424 1955 corrigens
448 1879 538 1957 ὅνπερ
561 1880 685 1958 αἱρεῖται
716 1885 749 1942 61
772 1881 914 1943 fortasse
937 1881 1005 1959 βίον
1030 1884 1098 1955 (pro
1121 1878 1243 1956 τρόπον)
1267 1894 1341 1939 cum
1366 1878 1536 1939 Menandri

256 1983 400 2041 monost.
426 1983 478 2043 61.

212 2080 263 2140 Fr.
291 2082 363 2143 112.
387 2082 436 2144 Bl.
467 2083 560 2168 κοίρφ
588 2083 748 2164 λεγόμενον
779 2087 813 2145 61
836 2100 911 2144 cum
932 2082 1091 2144 Meinckio
1114 2080 1229 2157 ψεῦδος
1252 2079 1293 2152 εἰς
1315 2077 1420 2160 κέρδος
1442 2078 1534 2158 φέρει.

259 2181 381 2244 Versus
405 2185 463 2244 vix
485 2184 653 2246 sanabilis.

213 2283 264 2344 Fr.
292 2284 364 2345 120.
389 2286 482 2347 Idem
504 2283 600 2357 ὕπνος
624 2281 691 2363 ἐστ’,
715 2301 778 2361 quo
802 2301 903 2347 sensu
923 2287 1070 2360 quaeso?
1093 2285 1160 2345 Nec
1182 2286 1295 2344 tamen
1318 2283 1415 2358 plane
1437 2283 1533 2344 satis·

254 2385 380 2447 faciunt
402 2388 589 2463 propositae
613 2389 781 2463 hucusque
806 2389 1023 2449 coniecturae.

213 2487 264 2547 Fr.
292 2488 365 2548 121.
389 2488 533 2549 Barbare
556 2489 605 2550 Bl.
631 2487 742 2548 διένεεν
766 2503 823 2565 pro
848 2485 953 2548 διένειΙ

212 2590 263 2650 Fr.
292 2591 364 2650 124.
389 2589 511 2651 Contra
533 2591 696 2651 Koclrium
719 2594 807 2652 recte
831 2593 944 2651 monet
963 2590 998 2651 0.
1012 2588 1148 2649 Orusius
1167 2602 1187 2648 a
1205 2587 1442 2649 recentioribus
1462 2603 1533 2649 con·

257 2690 348 2751 fundi
372 2692 519 2753 Hecaten
543 2696 576 2753 et
599 2693 750 2753 Dianam.

213 2790 265 2851 Fr.
292 2792 364 2868 126,
390 2795 420 2853 3.
445 2795 493 2854 Bl.
519 2795 574 2854 cit.
600 2795 762 2869 Theophr.
788 2792 994 2858 onarxvi.

213 2892 264 2951 Fr.
291 2892 363 2953 128.
388 2893 512 2955 Vocula
535 2892 583 2953 nal
609 2895 792 2956 minoribus
815 2895 936 2956 litteris
961 2894 1132 2955 scribenda
1155 2894 1284 2955 fuisset.

213 2991 265 3053 Fr.
294 2995 365 3054 133.
534 2994 645 3074 γαστὴρ
671 2995 741 3055 ὅλον
763 2996 796 3057 τὸ
820 3005 915 3073 σῶμα,
937 3004 1074 3079 πανταχῇ
1097 2991 1216 3073 βλέπων

532 3092 706 3172 ὀφθαλμός,
729 3095 850 3176 ἕρπον
873 3102 955 3168 τοῖς
980 3092 1121 3156 ὀδοῦσι
1145 3095 1267 3173 θηρίον.

258 3194 386 3257 Ultima
420 3197 519 3258 verba
553 3213 619 3258 non
649 3198 817 3274 intellego,
851 3213 929 3259 nam
963 3198 1015 3257 vel
1046 3197 1075 3257 si
1099 3198 1236 3272 cogitari
1258 3199 1371 3272 posset
1394 3197 1536 3257 bestia

259 3296 458 3357 dentibus
493 3314 655 3376 repens,
692 3316 757 3360 non
794 3300 887 3361 video
923 3314 986 3374 quo
1020 3302 1116 3374 pacto
1151 3314 1191 3359 ea
1220 3300 1330 3374 imago
1361 3299 1536 3359 conveniat

256 3398 420 3472 parasitis.
449 3398 553 3473 Quare
584 3401 696 3461 nullus
719 3401 831 3461 dubito
855 3401 932 3475 quin
957 3403 1144 3461 monstrum
1169 3402 1221 3462 hic
1244 3402 1363 3462 alatur.
1388 3400 1536 3476 Cogitavi

259 3499 298 3558 de
325 3501 512 3574 reponendo
535 3499 711 3578 ἔμπλεων
735 3498 924 3578 ὀδόντων,
947 3502 1003 3562 sed
1028 3502 1133 3561 nimia
1155 3518 1194 3562 ea
1216 3504 1300 3563 foret
1324 3504 1478 3578 mutatio,
1503 3506 1537 3563 et

259 3600 366 3674 magis
395 3602 497 3662 etiam
528 3603 673 3678 placeret
703 3603 903 3663 dentibus
930 3603 1132 3663 frendens
1156 3604 1330 3679 animal,
1356 3605 1440 3678 quod
1456 3580 1535 3664 xcon·

259 3702 385 3762 iectura
407 3704 585 3764 restituere
609 3720 743 3779 nequeo.

215 3802 266 3862 Fr.
295 3803 367 3877 134,
395 3805 422 3863 1.
447 3804 496 3864 Bl.
526 3803 636 3884 <γὰρ>
664 3804 739 3866 ἔνιοι
763 3808 821 3867 aut
843 3802 920 3864 ἔνιοί
944 3817 1047 3884 (γε).

218 3903 266 3964 Fr.
295 3905 422 3979 1312.
459 3906 656 3982 Suspectum
690 3906 803 3985 πάσης,
837 3923 900 3982 quo
935 3906 1043 3968 deleto
1078 3909 1126 3969 Bl.
1152 3925 1217 3969 non
1252 3908 1340 3969 male
1373 3908 1413 3968 ab
1443 3908 1537 3970 initio

127 4010 135 4017 ‘
259 4005 390 4080 supplet
414 3998 509 4078 οὗτος.
534 4009 646 4070 Possis
670 4011 772 4071 etiam
795 4007 830 4068 τὰ
853 4003 940 4086 πρῶν’
971 4005 1155 4080 <ἒκεῑνος>.

215 4106 266 4166 Fr.
295 4107 367 4182 138,
393 4110 419 4167 l.
445 4108 507 4168 Pro
527 4109 602 4169 διότι
624 4112 672 4172 Bl.
698 4111 748 4171 δεῖ
764 4109 820 4190 γὰρ
845 4110 898 4171 vel
921 4108 977 4188 χρὴ
1001 4107 1056 4191 γὰρ
1081 4110 1134 4172 vel
1157 4111 1259 4191 χρεών.
