3502 5512
852 366 894 426 89

256 548 368 624 tligare
386 551 449 611 sibi
474 553 566 613 visus
589 557 642 612 est
664 552 771 627 Koclr,
793 555 829 613 ut
852 568 932 613 suae
955 553 1060 627 ipsius
1080 550 1326 633 τῴιιονομημένα,
1345 565 1428 623 quae
1440 549 1537 609 lectio

258 650 338 711 milri
367 653 499 725 quidem
530 654 670 714 obscura
700 657 766 729 est,
793 655 882 714 viam
906 655 1084 728 sterneret,
1116 652 1345 713 contendendo
1369 647 1537 733 διρχημὲνα

256 767 359 825 neque
389 755 549 815 usitatum
574 770 648 816 esse
672 756 793 816 Atticis
818 772 923 830 neque
946 755 1134 816 sententiae
1157 754 1359 814 satisfacere.
1385 754 1537 815 Alterum

255 852 380 914 crimen
405 855 467 916 hac
489 857 697 931 expositione
720 857 932 933 propulsasse
956 857 1038 918 mihi
1063 857 1171 931 video,
1196 857 1287 930 prius
1310 856 1339 915 si
1358 855 1538 915 recentiore

257 954 456 1029 Antiphanis
496 960 619 1033 aetate,
663 973 726 1032 qua
766 974 868 1033 purus
910 959 1099 1019 atticismus
1141 957 1300 1032 gliscente
1332 955 1537 1015 Hellenismo

255 1054 381 1116 ionicae
414 1060 610 1132 praesertim
645 1059 777 1120 dialecti
809 1058 976 1120 vocabulis
1007 1058 1304 1132 contaminabatur,
1337 1056 1424 1116 haud
1454 1056 1538 1115 satis

256 1159 434 1218 excusatur
463 1160 515 1229 (ci.
540 1161 626 1220 inira
649 1161 689 1220 ad
714 1161 804 1235 211),
834 1162 955 1234 exiguo
978 1159 1142 1220 scribendi
1166 1159 1356 1219 discrimine
1380 1157 1537 1216 substitui

258 1258 379 1332 poterit
400 1258 435 1317 τὰ
458 1259 722 1344 παρῳχημένα
745 1261 898 1336 πρότερον.
925 1294 964 1305 -
990 1262 1045 1322 Vs.
1071 1262 1124 1322 20.
1154 1261 1191 1320 In
1215 1260 1374 1334 asyndeto
1400 1259 1537 1317 haerens

257 1358 305 1419 Bl.
340 1354 378 1417 ἂν
408 1358 537 1420 ’1ν<δε’>
566 1385 592 1420 ιι
623 1363 735 1422 minus
766 1377 942 1423 numerose
966 1366 1024 1423 aut
1047 1357 1106 1422 ἀλλ’
1133 1360 1171 1421 ἅν
1195 1384 1221 1421 τι
1252 1377 1327 1422 curn
1352 1360 1537 1419 sententiae

255 1459 377 1521 damno
406 1463 555 1523 coniecit.
579 1462 670 1523 Idem
695 1478 743 1522 vs.
768 1464 809 1523 22
834 1464 874 1523 ad
903 1464 1114 1524 verissimam
1139 1463 1289 1523 Meinekii
1314 1461 1534 1521 coniecturam

255 1554 338 1618 πάντ’
364 1562 597 1624 stabiliendam
622 1567 698 1639 apte
723 1565 779 1625 cit.
804 1565 923 1641 Diphil.
949 1566 1002 1641 30,
1028 1572 1058 1626 4.

212 1661 263 1721 Fr.
291 1662 362 1738 192,
376 1664 407 1724 4.
433 1664 583 1725 Probatis
603 1666 687 1725 meis
706 1670 766 1735 (vs.
781 1666 800 1726 2
814 1669 891 1737 1131
911 1666 1124 1741 coniecturis,
1146 1665 1194 1725 Bl.
1215 1665 1404 1739 improbans
1421 1662 1536 1723 Koclrii

256 1762 391 1839 βράττειν
418 1780 474 1841 pro
493 1764 606 1825 τάττειν
625 1767 695 1841 ipse
715 1773 822 1845 φαγεῖν
843 1765 1034 1848 θ1γεννιιιὴν
1053 1783 1110 1844 pro
1129 1775 1272 1846 γεννικῶς
1289 1768 1365 1840 apte
1386 1764 1535 1826 coniecit.

214 1863 263 1923 i'r.
290 1865 363 1941 193,
387 1868 415 1926 1.
438 1874 496 1943 μῦς
519 1883 577 1943 pro
601 1868 786 1942 antiquiore
810 1871 897 1946 μύες,
922 1873 960 1931 ut
983 1871 1067 1945 apud
1092 1870 1280 1930 Herondam
1302 1867 1534 1928 1117331111-

257 1965 332 2026 liter
360 1968 492 2042 saepius
522 1970 724 2029 recentiores
758 1969 876 2030 comici
905 1970 995 2047 ἰχθῦς
1026 1972 1140 2032 dieunt
1169 1987 1226 2046 pro
1259 1970 1375 2047 ἰχθύες,
1409 1973 1446 2030 ut
1465 1968 1536 2047 ἰχθῦ

258 2082 313 2142 pro
336 2067 423 2149 ι’χθύε
447 2069 566 2144 legitur
589 2086 669 2130 mox
693 2071 727 2130 in
751 2065 790 2132 fr.
818 2073 891 2147 194,
920 2074 970 2133 15.

214 2168 264 2228 l'r.
293 2171 366 2246 194,
392 2171 422 2230 2.
458 2169 555 2248 εἴρυσε
592 2172 699 2240 ionice
735 2172 783 2233 Bi.
814 2188 872 2248 pro
902 2175 1004 2234 attico
1038 2172 1161 2232 εἵλκυσε.
1198 2173 1275 2232 Fert
1308 2187 1388 2232 sane
1423 2186 1538 2230 versus

259 2270 462 2346 hexameter,
493 2272 551 2332 sed
582 2274 733 2345 mutandi
757 2289 857 2335 causa
880 2275 971 2334 nulla
994 2277 1055 2334 est.
1081 2308 1119 2316 —
1147 2274 1203 2334 Vs.
1229 2275 1248 2332 3
1273 2276 1306 2332 11
1329 2263 1401 2348 ἧκεν
1425 2277 1484 2342 (vs.
1506 2275 1537 2339 4)

259 2371 361 2432 variis
391 2374 499 2433 modis
529 2376 638 2434 tentat
661 2375 746 2435 idem
775 2391 804 2450 p.
833 2376 911 2450 113,
940 2375 998 2435 sed
1022 2390 1087 2435 non
1112 2375 1236 2435 maiore
1260 2389 1415 2434 successu
1439 2389 1536 2447 quam

258 2473 384 2547 reliqui.
410 2473 542 2533 Ἀνιαιὸν
566 2473 598 2535 τὸ
622 2474 739 2553 χωρίον.
765 2510 804 2519 -
830 2477 885 2537 Vs.
914 2479 953 2537 15
977 2492 1046 2550 sqq.
1071 2477 1245 2536 traduntur
1268 2476 1365 2536 haec:

374 2577 402 2632 Β.
427 2574 519 2653 ττλννη
543 2574 594 2635 καὶ
617 2575 717 2656 τρίγλη
740 2575 846 2652 φωνὰς
869 2577 941 2656 ἰχθῦ
965 2571 1013 2637 δύ’
1040 2575 1204 2654 ἔχουσαι

423 2672 501 2737 πόλλ’
528 2675 667 2754 ἐλάλουν,
689 2676 757 2753 περὶ
781 2669 823 2738 dv
847 2674 879 2738 δὲ
903 2678 977 2757 πρὸς
1001 2677 1036 2737 ὅν
1059 2672 1079 2737 τ’
1105 2676 1200 2761 ᾤοντο
1224 2674 1318 2757 λε’γειν
1345 2700 1370 2736 τι

424 2776 480 2837 οὐκ
504 2776 636 2839 ἐλάλουν·
660 2776 751 2840 οὐδὲν
774 2778 830 2860 γάρ
855 2778 1038 2857 ἐμάνθανεν,
1059 2778 1152 2840 ὥστε
1175 2777 1249 2857 πρὸς
1272 2773 1308 2838 ὃν
1332 2775 1386 2854 μὲν

423 2869 463 2956 ἦν
486 2878 590 2951 αὐτοῖς
615 2876 631 2938 ὅ
655 2879 759 2960 λόγος,
781 2880 877 2960 πρὸς
901 2876 928 2941 δ’
956 2879 1079 2953 αὑτάς
1103 2880 1198 2940 πολλὰ
1221 2881 1370 2951 λαλούσας

424 2978 544 3053 αὐτὰς
568 2979 739 3058 ἀμφοτέρας
763 2979 781 3059 ἡ
807 2983 951 3061 Δημήτηρ
975 2980 1191 3059 ἐπιτρέψει.

257 3079 311 3139 Vs.
340 3082 390 3141 lb.
415 3078 522 3158 ἕχούσα
545 3084 656 3143 nescio
680 3099 722 3143 an
747 3088 835 3145 recte
859 3085 906 3144 Bl.
934 3118 971 3128 -
999 3083 1054 3145 Va.
1082 3086 1133 3145 17.
1158 3084 1216 3143 ἴστε
1243 3083 1293 3143 vel
1317 3085 1407 3164 λῷστε
1432 3082 1535 3141 Head-

256 3181 339 3255 lam;
364 3179 517 3258 ἐμάνθανε
548 3185 656 3260 τῶνδε,
683 3183 757 3261 πρὸς
781 3185 910 3262 Kaibel,
935 3186 1021 3260 quod
1044 3187 1203 3260 praefero.
1229 3218 1269 3228 —
1296 3184 1350 3244 Vs.
1378 3184 1428 3244 18.
1455 3184 1537 3243 lien·

257 3282 337 3343 dosa
370 3288 450 3344 sunt
485 3286 585 3346 verba
619 3283 694 3360 πρὸς
729 3281 757 3344 δ’
794 3284 903 3362 αὑτὰς,
933 3303 997 3347 non
1028 3288 1117 3347 enim
1152 3288 1215 3346 duo
1246 3287 1355 3361 pisces
1386 3287 1471 3345 inter
1502 3299 1538 3344 se

257 3384 534 3462 colloquebantur,
566 3388 623 3447 sed
656 3387 873 3461 loquebantur
904 3389 944 3448 ad
969 3388 1085 3464 alium,
1114 3390 1169 3462 qui
1200 3388 1279 3448 nihil
1305 3388 1421 3448 borum
1445 3386 1537 3446 intel·

257 3484 380 3547 texisse
403 3487 532 3549 dicitur.
557 3488 792 3563 Corrigendum
818 3468 974 3549 arbitror:

769 3589 865 3665 πρὸς
890 3584 917 3647 δ’
944 3587 1065 3660 αὐτὰς
1088 3589 1182 3649 πολλὰ
1207 3590 1356 3660 λαλούσας

435 3688 538 3761 [αὐτάς
562 3691 636 3761 del]
662 3686 831 3766 ἀμφοτέρας
855 3685 873 3765 ἡ
898 3690 1042 3768 Δημήτηρ
1066 3688 1263 3769 ἐπέτριψε.
1292 3689 1474 3750 <nentem

257 3789 329 3850 Non
359 3790 466 3850 solum
498 3792 527 3850 is
558 3793 609 3851 cui
633 3791 849 3864 loquebantur
872 3792 953 3851 nihil
978 3806 1090 3851 eorum
1116 3792 1343 3867 intellegebat,
1368 3793 1424 3852 sed
1449 3807 1536 3865 prae·

257 3893 349 3952 terea
382 3890 466 3970 (πρὸς
502 3887 542 3962 δ’)
579 3892 676 3953 Ceres
710 3892 798 3966 ipsos
829 3891 936 3966 pisces
971 3895 1103 3967 propter
1134 3892 1366 3966 loquacitatem
1396 3893 1539 3967 pessime

258 3994 407 4067 perdidit.
440 3995 561 4054 Kockio
597 3994 733 4054 debetur
767 3989 913 4068 ἐπέτριψε.
949 3994 1028 4054 Post
1059 3994 1139 4054 baec
1173 3995 1212 4054 de
1247 3994 1373 4055 duabus
1404 3993 1538 4066 reliquis

257 4095 421 4169 Blaydesii
446 4095 694 4156 ariolationibus
717 4098 830 4170 aperte
853 4096 948 4156 falsis
971 4096 1091 4157 melius
1114 4096 1274 4157 silebitur.

215 4195 421 4269 111111.
457 4197 618 4255 11111111
654 4196 774 4273 propos.
812 4199 896 4272 Apte
930 4179 979 4257 11.
1012 4197 1067 4257 ert.
1099 4197 1218 4258 nescu.
1251 4199 1289 4257 fr.
1322 4198 1385 4257 eor
1419 4200 1452 4256 er
1483 4197 1537 4256 nr.

259 4295 341 4356 Nub.
366 4298 442 4358 422.
469 4331 508 4340 -
534 4298 590 4358 Vs.
617 4299 634 4357 ‘l

482 4399 614 4458 δειπνεῖν
637 4397 762 4475 άκλητος
786 4405 874 4476 μυῖα,
897 4398 945 4476 μὴ
967 4395 1117 4471 ’ξελθεῑ
1123 4423 1138 4457 ν
1163 4397 1266 4476 φρέαρ.

263 4502 349 4559 Μυῖα
384 4502 553 4574 sagacis
588 4503 696 4575 imago
731 4504 784 4561 est
813 4502 899 4576 apud
930 4500 1172 4575 Philemonem,
1206 4500 1409 4561 1.1.Ρ1111.
1442 4499 1538 4558 Merc.

261 4601 326 4661 360
345 4603 383 4662 R.
415 4603 601 4662 lluscast
630 4616 745 4661 meus
777 4605 912 4676 pater:
943 4601 1002 4660 nil
1026 4604 1168 4674 potest
1192 4602 1298 4661 clam
1326 4601 1445 4660 illurn
1477 4600 1535 4658 ira·

261 4700 347 4762 beri
377 4707 500 4763 111-
523 4701 570 4778 μὴ
601 4704 784 4774 §sterili
817 4703 900 4764 Cum
932 4703 1107 4777 Blaydesio
1132 4703 1225 4762 video
1249 4717 1303 4762 me
1327 4702 1481 4763 incidisse
1505 4701 1538 4760 in

259 4804 396 4865 eandem
428 4805 650 4866 coniecturam
684 4803 732 4880 μὴ
764 4797 969 4877 ’natantia
1004 4806 1040 4863 ut
1072 4804 1199 4864 dicatur
1233 4804 1339 4863 bonus
1373 4803 1539 4878 parasitus

259 4918 438 4981 numquam
462 4905 599 4966 deficere
622 4906 686 4965 nisi
709 4900 936 4967 deficientibus
959 4905 1040 4980 ipsis
1064 4905 1224 4966 conviviis
1247 4908 1281 4966 et
1304 4903 1538 4979 amphitryoni-
