3502 5512
835 365 877 425 69

192 549 243 609 Fr.
269 549 288 609 3
312 564 370 624 pro
394 549 546 611 dimetris
569 552 772 612 catalecticis
797 550 1018 621 (denuntiavi)
1043 551 1142 612 habet
1165 553 1212 613 Bl.

193 651 243 711 Fr.
268 653 298 712 4.
322 653 393 712 Non
416 653 503 713 tanti
521 653 606 713 facio
624 653 804 714 Herodiani
822 654 1067 729 auctoritatem,
1088 657 1126 715 ut
1142 651 1296 731 αατέχεοον
1308 670 1366 730 pro
1378 653 1516 734 νατὲχεσα

237 750 411 832 (αατάχεσον
430 755 685 832 dubitabundus,
706 755 763 816 sed
776 759 877 831 recte,
892 755 993 824 Koch)
1017 771 1136 817 sanum
1150 771 1223 818 esse
1237 758 1367 818 credere
1380 758 1516 832 possim.

193 856 245 916 Fr.
270 856 300 916 7.
334 856 547 935 κακοτεχνίζον
582 857 752 931 analogiae
787 857 990 918 adversatur.
1022 857 1121 918 Recte
1151 856 1228 917 κατὰ
1264 858 1410 935 τεχνάζων
1444 874 1516 920 con·

237 958 314 1018 iecit
338 957 459 1019 Nauck.

192 1060 244 1120 Fr.
272 1060 322 1119 10.
353 1060 542 1120 Priscianus
571 1061 894 1121 OTINOXEAONTI
921 1069 1018 1138 μῆνας
1047 1057 1134 1139 ἐγγὺς
1157 1066 1233 1138 τρεῖς
1257 1059 1345 1134 ὅλους
1365 1061 1370 1140 1
1392 1071 1517 1141 φρουρὼ

235 1159 288 1221 τὸν
318 1155 519 1237 Ἐνδυμίωνα.
553 1163 626 1223 Iure
656 1163 747 1223 Koch
778 1162 976 1223 addubitans
1005 1165 1136 1239 propter
1166 1163 1337 1224 insolitum
1369 1164 1516 1239 pleonas-

237 1278 329 1324 mum
364 1262 572 1324 lenissimam
607 1265 758 1325 Meinekii
794 1265 1014 1325 mutationem
1045 1261 1108 1340 ὁτιὴ
1139 1265 1244 1342 σχεδόν
1267 1288 1308 1338 τι,
1341 1265 1517 1326 violentius

235 1365 370 1440 corrigit
391 1360 649 1443 ὀνειροπολοῦντα.
674 1366 831 1440 Equidem
855 1365 987 1441 ambigo
1012 1371 1124 1427 utrum
1141 1371 1229 1428 recte
1249 1367 1328 1427 olim
1348 1367 1516 1428 elicuerim

237 1463 300 1544 ὁτιὴ
323 1467 387 1538 (vel
410 1465 455 1527 ὅτι
477 1465 540 1536 τὸν)
562 1465 701 1545 γέροντα,
724 1483 782 1542 an,
804 1470 888 1542 quod
908 1470 1024 1542 postea
1042 1470 1133 1529 venit
1151 1472 1185 1528 in
1205 1473 1354 1530 mentem
1374 1472 1408 1530 et
1430 1482 1517 1529 nuno

236 1572 430 1644 occupatum
451 1569 545 1630 video
558 1584 577 1629 a
589 1570 776 1645 Blaydesio,
799 1569 944 1630 admisso
962 1569 1115 1630 Meinelrii
1127 1571 1263 1631 invento
1276 1588 1332 1646 pro
1346 1569 1432 1650 ἐγγὺς
1445 1570 1517 1630 sub·

235 1672 374 1732 stituam
397 1666 466 1748 ἤδη.
490 1671 552 1731 Illa
567 1673 681 1732 tamen
704 1670 811 1732 lenior
829 1671 913 1732 ratio
934 1671 1065 1732 videtur
1085 1672 1194 1745 itaque
1215 1673 1322 1747 magis
1341 1672 1517 1748 probanda.

191 1775 243 1835 rr.
270 1774 320 1833 14.
342 1773 429 1850 βοοῖν
451 1787 510 1848 pro
533 1773 614 1851 βοῶν
638 1773 797 1848 Meinelre,
824 1772 984 1849 probante
1008 1773 1164 1834 Nauckio.
1188 1773 1319 1834 Dubito.

193 1875 244 1935 Fr.
270 1876 320 1935 15.
356 1871 551 1950 ἀφανίζουσι,
579 1875 600 1935 i.
625 1890 652 1935 e.
682 1877 951 1951 consumunt,
985 1875 1126 1935 fortasse
1155 1878 1244 1936 recte
1272 1877 1384 1936 tuetur
1407 1875 1454 1935 Bl.
1480 1875 1516 1934 Ei

235 1976 432 2052 probabilior
455 1975 583 2037 videtur
606 1976 758 2037 Meinekii
781 1992 880 2050 quam
901 1976 1017 2037 Kockii
1041 1978 1237 2037 coniectura.

193 2080 245 2141 Fr.
271 2082 322 2140 19.
347 2079 526 2139 Prorsus
555 2077 799 2138 infeliciter
829 2093 900 2139 rem
925 2079 1033 2153 egisse
1059 2078 1193 2138 videbar
1216 2077 1354 2153 Kockio,
1380 2078 1516 2138 felici·

236 2185 301 2242 ter
330 2181 517 2254 Biaydesio‚
547 2195 606 2240 neo
637 2195 716 2240 sane
747 2179 907 2254 hodieque
939 2181 1010 2240 eius
1040 2181 1247 2240 coniecturae
1277 2195 1331 2240 me
1354 2180 1516 2256 poenitet,

238 2283 345 2358 magis
368 2296 469 2355 quam
493 2280 641 2355 dubiam,
662 2296 745 2355 quae
768 2281 829 2356 ipsi
855 2281 910 2340 vix
934 2281 1032 2341 dubia
1056 2281 1238 2355 videbatur,
1263 2283 1372 2340 ratum
1397 2280 1517 2341 violen-

237 2389 306 2445 tam
327 2384 430 2460 ipsius
453 2382 569 2443 Koclrii
589 2382 824 2458 coniecturam,
846 2399 907 2443 nec
930 2383 1095 2457 persuasit
1118 2382 1201 2441 mihi
1221 2383 1381 2443 Headlam
1406 2398 1516 2457 propo·

237 2502 320 2548 nens
343 2483 486 2556 πλεκτοὺς
512 2499 569 2560 pro
592 2483 762 2556 πλείστους,
789 2485 872 2558 quod
895 2487 1022 2559 tamen,
1048 2485 1194 2545 admissa
1218 2485 1310 2559 gravi
1334 2485 1517 2545 mutatione

237 2588 407 2649 Kockiana
429 2590 489 2657 τοῖς
520 2589 632 2661 θεαῖσι,
662 2585 769 2646 multo
793 2585 921 2646 felicius
946 2586 1131 2646 coniectum
1161 2589 1213 2646 est
1238 2601 1337 2660 quam
1360 2585 1518 2657 πελάνους.

237 2689 302 2749 Vix
332 2704 414 2765 opus
444 2691 496 2749 est
526 2702 660 2748 monere
692 2684 786 2763 ὄψον,
812 2688 841 2747 si
865 2691 954 2748 recte
977 2688 1025 2747 ita
1048 2688 1202 2761 rescripsi
1225 2703 1283 2763 pro
1307 2685 1393 2764 ὅσον,
1417 2703 1517 2748 sensu

236 2790 381 2866 generali
404 2791 443 2852 de
466 2790 641 2864 omnigeno
664 2788 813 2866 obsonio,
839 2789 935 2863 quale
959 2789 1030 2863 agri
1046 2790 1269 2863 producebant
1287 2790 1373 2859 (hinc
1394 2789 1519 2850 addidit
1605 2796 1607 2799 ’

236 2885 301 2953 οἷον
323 2890 401 2962 εἰκὸς
424 2883 488 2970 ἦν),
516 2905 582 2952 non
606 2892 741 2966 speciali
764 2892 804 2951 de
827 2890 973 2966 piscibus
996 2906 1069 2950 esse
1092 2890 1361 2965 intellegendum.

191 2994 243 3054 Fr.
269 2995 321 3054 20.
347 2993 458 3054 Placet
481 2992 648 3066 Blaydesii
672 2993 861 3052 coniectura
885 2990 978 3069 στόμα
1001 3012 1030 3050 τε
1054 3008 1112 3066 pro
1136 2989 1169 3051 τὸ
1193 2991 1294 3068 στόμα.

190 3096 242 3157 Fr.
267 3095 320 3155 22.
344 3090 376 3152 δὲ
399 3109 457 3169 pro
481 3116 506 3152 τι
530 3095 632 3170 idem,
667 3094 724 3154 vix
755 3098 854 3155 recte.
879 3094 987 3154 Verba
1011 3089 1058 3152 ὁδὶ
1073 3128 1110 3137 -
1130 3091 1208 3152 ἐστιν
1231 3094 1339 3168 posita
1364 3093 1517 3154 videntur

235 3193 286 3255 διὰ
312 3191 417 3273 μέσον,
447 3194 573 3268 reliqua
596 3197 709 3254 autem
733 3195 921 3255 cohaesisse
946 3210 1020 3254 cum
1044 3196 1260 3271 praegressis,
1286 3209 1391 3269 neque
1416 3194 1517 3267 igitur

237 3312 310 3358 esse
334 3296 528 3370 asyndeton.

191 3400 244 3460 Fr.
268 3400 320 3459 23.
346 3398 431 3472 Lege
454 3393 698 3479 σνντατέαλρσεν.
723 3399 845 3458 Locum
869 3398 951 3458 bene
975 3399 1212 3473 interpretatur
1236 3397 1341 3473 Koch,
1367 3412 1428 3456 nec
1450 3411 1517 3456 ma·

236 3501 288 3576 gis
311 3515 411 3575 quam
435 3499 587 3559 Meinelrii
612 3499 800 3560 coniectura
824 3515 906 3574 opus
936 3500 1065 3560 videtur
1088 3499 1307 3573 Blaydesiana
1333 3495 1519 3575 μαρτσαμένη

237 3599 416 3662 κατέκλινεν.

281 3701 393 3763 Alcaei
424 3701 660 3777 Pasiphaes
691 3701 888 3777 fragmentis
913 3719 930 3763 e
953 3701 1060 3762 lexico
1088 3702 1289 3762 Messanensi
1312 3700 1401 3761 Rabe
1424 3699 1516 3762 llius.

237 3804 341 3864 Rhen.
366 3804 419 3880 92,
445 3805 521 3874 405)
546 3803 670 3864 addidit
694 3803 811 3864 hocce:

281 3909 412 3977 Ἀλκαῖος
436 3905 593 3990 Πασιφάῃ

465 4010 609 4091 Μίνῳανς
634 4003 693 4066 ἀλλ’
720 4007 825 4085 οἴμωζε
849 4007 962 4068 σαυτὸν
985 4005 1261 4087 περιθέμενος.

238 4109 292 4170 ubi
314 4106 513 4188 περιθέων
538 4109 619 4170 bene
643 4110 834 4171 emendavit
857 4110 983 4172 Koch..

193 4212 244 4272 Fr.
265 4212 318 4273 35.
342 4208 478 4271 ἅκναπτα
503 4227 561 4287 pro
585 4208 696 4271 ἄθικτα
720 4213 754 4271 in
777 4211 826 4272 Et.
852 4229 896 4273 m.
923 4213 1055 4286 cOrrigit
1079 4212 1127 4271 Bl.

193 4314 244 4374 lh.
270 4314 312 4373 38
337 4312 511 4373 delendum
544 4328 617 4373 esse
648 4315 779 4375 monuit
803 4314 931 4391 Nauck,
963 4314 1182 4374 Alcmanis
1214 4313 1302 4372 enim
1333 4326 1406 4372 esse
1433 4311 1517 4371 int

237 4414 354 4489 Bergk.
386 4415 552 4489 (Harpocr.
577 4430 607 4489 p.
632 4416 685 4491 95,
712 4417 765 4485 20)
796 4413 845 4474 nol
876 4413 949 4487 ναὸς
980 4411 1072 4493 ἁγνὸς
1103 4413 1242 4492 εὐπύργω
1266 4412 1441 4492 Σεράπνας,
1463 4412 1519 4472 ubi

237 4516 390 4577 Alcmani
408 4516 611 4576 reddendum
634 4516 806 4594 Θεράπνας,
824 4520 862 4577 ut
881 4518 1064 4591 antiquitus
1082 4516 1144 4591 ipsi
1163 4516 1309 4576 Lacones
1320 4515 1518 4575 scribebant·

193 4662 363 4730 Canthari
387 4666 426 4726 ir.
452 4667 481 4725 6.
507 4664 648 4738 Blaydes
673 4665 728 4727 ott.
753 4666 808 4725 Ar.
834 4666 915 4727 Ach.
944 4666 1039 4727 1199.

193 4811 327 4882 llloolis
353 4818 562 4878 ΘΑΛΑΤΤΑ.
586 4816 680 4892 Apud
704 4817 916 4877 Athenaeum
949 4813 1049 4888 <ὡς>
1079 4815 1215 4876 Θάλαττα
1240 4817 1449 4877 coniecit-Bi.

195 4919 246 4980 Fr.
273 4921 302 4980 7.
326 4919 429 4979 τύπων
460 4919 494 4979 in
517 4916 621 4976 πίθων
645 4915 776 4993 refinxi,
801 4918 978 4993 plaudente
1002 4919 1068 4995 Bl,
1094 4919 1149 4992 qui
1174 4919 1243 4993 ipse
1266 4934 1325 4993 pro
1349 4916 1522 4992 ἀθλλδετατ,
