3502 5512
876 339 940 398 200

246 523 438 592 Sosioratis
462 527 500 587 fr.
526 529 556 586 4.
588 526 713 600 Nauck,
739 524 810 586 hiel.
841 525 885 584 VI
913 540 944 600 p.
972 525 1034 584 134
1068 522 1316 598 ,Vermuthlich
1344 525 1487 582 stammt
1509 522 1572 581 das

291 628 453 702 Verspaar
475 644 536 688 aus
558 627 615 687 der
639 628 819 687 Streitrede
843 627 901 686 des
924 625 1102 685 Menander
1127 625 1192 684 und
1216 624 1423 683 Philemon.”

248 825 425 910 Adespota
447 830 485 888 tr.
515 832 540 904 1,
567 830 596 890 2.
625 826 838 905 <linteam
863 828 980 901 Cohet;
1004 827 1120 903 probat
1144 826 1271 901 Nauck,
1296 827 1359 886 nisi
1382 826 1466 886 forte
1489 826 1569 885 scri-

289 930 430 990 bendum
454 931 499 990 sit
521 928 649 1007 ἔστησεν.
674 929 807 991 Cratino
827 928 937 990 locum
956 929 1071 989 tribuit
1091 928 1250 1002 Mainake,
1272 943 1338 987 non
1350 921 1570 988 dissentiente

290 1031 445 1092 Nauckio.

247 1133 270 1190 F
273 1149 297 1191 r.
322 1131 352 1206 8,
380 1135 408 1192 ].
432 1130 583 1208 εὐδαίμων
611 1127 683 1209 <ίίρ’
709 1122 777 1208 riv>
804 1131 981 1209 Πολίαγρος.
1005 1131 1053 1191 Bl.

247 1233 297 1293 Fr.
335 1234 385 1293 10.
417 1232 517 1293 ὁεινόν
555 1231 612 1312 (γε’
641 1248 713 1292 τοι)
753 1231 901 1310 κεραυνὸν
931 1229 963 1290 ἐν
998 1231 1108 1313 γλώττῃ
1138 1229 1222 1309 φέρει
1258 1231 1360 1305 idem,
1396 1231 1454 1291 Sed
1489 1230 1568 1303 quid

289 1336 446 1395 exciderit
482 1335 657 1409 incertum,
693 1348 771 1395 nam
807 1334 922 1394 eodem
953 1334 1022 1392 iure
1052 1334 1160 1409 possis
1190 1329 1244 1409 μὲν
1275 1322 1346 1403 οὖν,
1376 1332 1461 1405 quod
1493 1335 1570 1405 post

288 1435 416 1494 similes
439 1436 556 1496 ductus
581 1436 631 1496 vel
655 1436 784 1497 facilius
807 1436 891 1496 elabi
915 1436 1034 1511 potuit,
1059 1437 1117 1495 aut
1136 1434 1209 1506 Διὸς
1232 1449 1307 1495 cum
1327 1433 1568 1493 Heimsoethio.

289 1537 350 1597 Pro
374 1535 457 1611 φέρει
480 1539 564 1607 (fert)
588 1538 729 1598 fortasse
753 1542 902 1612 praestat
923 1543 1015 1613 φορεῖ
1035 1538 1151 1611 (gerit).

245 1635 295 1695 Fr.
323 1639 372 1696 12.
409 1637 478 1696 Non
513 1638 615 1697 iuiese
649 1638 805 1710 κιειίζεται
840 1639 911 1708 (Bl.)
946 1656 1003 1714 pro
1035 1637 1190 1714 ψηνίζειαι
1220 1637 1304 1696 satis
1337 1636 1570 1696 demonstrant

289 1737 327 1796 ir.
356 1738 395 1796 13
420 1742 453 1796 et
477 1739 530 1798 74.

243 1838 294 1898 Fr.
322 1839 372 1897 14.
397 1839 458 1898 Pro
482 1839 533 1898 his
556 1838 620 1913 legi
643 1837 741 1910 οὐδεὶς
765 1839 894 1917 κομήτης
919 1838 996 1910 ὅστις
1022 1837 1066 1899 οὗ
1091 1837 1209 1908 καλὸς
1232 1840 1350 1913 φύσει
1373 1840 1459 1913 apud
1483 1839 1569 1898 Ano·

287 1954 440 2014 nymum,
465 1940 563 2014 Eloge
586 1940 625 2000 de
648 1941 681 2000 la
704 1942 890 2017 chevelure,
916 1959 946 2017 p.
972 1944 1024 2017 39,
1052 1944 1102 2017 16,
1128 1941 1364 2001 animadvertit
1386 1941 1512 2001 Nauck.

244 2040 295 2099 Fr.
323 2041 373 2100 16.
398 2041 442 2100 Ut
466 2042 619 2117 antehac,
646 2043 777 2102 malim:

487 2140 559 2203 ἄνευ
583 2142 615 2203 δὲ
638 2146 748 2221 μητρὸς
772 2155 848 2216 πῶς
871 2152 939 2220 (pro
963 2138 1012 2216 ὦ),
1034 2140 1163 2221 κάθαρμ’
1192 2143 1361 2222 Εὐριπίδης

245 2244 295 2302 Fr.
321 2244 373 2302 22.
399 2246 536 2303 Μουσῶν
559 2244 761 2319 εὐστόμων
785 2244 955 2321 ἀνθρήνιον
978 2263 1036 2321 pro
1060 2244 1192 2306 renitor
1215 2245 1362 2320 speciose
1386 2244 1433 2303 Β1.

245 2345 295 2404 Fr.
323 2346 376 2404 27.
401 2345 513 2405 Nauck
538 2347 592 2406 cit.
618 2348 727 2421 adesp.
753 2349 828 2408 966.

245 2446 295 2504 Fr.
320 2449 373 2518 41,
400 2447 429 2505 2.
466 2447 671 2519 ὸιιαν<άζ>ει
706 2449 829 2523 optime
860 2449 1019 2523 Meiueke,
1056 2449 1178 2522 absque
1212 2449 1304 2509 omni
1339 2445 1570 2521 probabilitate

288 2547 377 2616 ιιιὲζει
401 2548 553 2621 Blaydes.
578 2549 632 2609 Vs.
661 2552 675 2609 1
701 2551 848 2624 speciose
872 2551 1018 2611 tentavit
1041 2551 1142 2610 Kock.

245 2648 296 2708 Fr.
323 2649 375 2722 42,
405 2649 432 2708 1.
458 2650 519 2709 Pro
543 2654 655 2724 aperto
679 2651 881 2725 glossemate
904 2649 1012 2710 ἔκτεινε
1037 2651 1128 2711 Kock
1152 2650 1292 2711 coniecit
1309 2646 1426 2730 ἀνῄρει,
1448 2648 1572 2708 melius

291 2747 388 2808 ‹ivessr
411 2756 499 2818 (narn
524 2749 631 2810 ἔκτεινε
655 2753 739 2827 apud
764 2753 930 2826 originem
955 2756 1007 2812 est
1031 2754 1188 2826 aoristuS,
1210 2755 1247 2811 ut
1265 2751 1364 2811 etiam
1386 2750 1481 2810 docet
1500 2765 1533 2809 v.
1547 2749 1568 2810 l.

292 2849 391 2929 ἔγημε)
423 2852 577 2925 Blaydes,
610 2855 664 2926 qui
696 2854 820 2914 vellem·
839 2855 1027 2913 reticuisset
1050 2869 1148 2914 suum
1171 2853 1296 2928 ἔπεφνε,
1317 2851 1401 2925 quod
1424 2867 1491 2911 nou
1515 2850 1569 2911 est

288 2953 498 3012 comicorum.

243 3054 294 3113 Fr.
320 3055 372 3113 48.
404 3047 450 3110 ἀπ’
477 3052 609 3131 cipriano
640 3055 688 3115 Bl.
720 3058 852 3130 propter
883 3055 1138 3130 explicationem
1162 3057 1206 3124 (in
1230 3070 1295 3127 qua
1317 3069 1375 3128 pro
1398 3052 1430 3112 oi
1450 3051 1567 3130 ἔσχατοι

287 3158 382 3213 acute
414 3155 552 3213 coniecit
582 3154 614 3213 oi
640 3153 834 3231 θεσμοθέται)
865 3157 937 3215 sine
967 3157 1119 3231 articulo,
1153 3157 1246 3229 quasi
1277 3156 1321 3215 sit
1352 3170 1472 3215 nornen
1496 3171 1565 3230 pro·

287 3256 403 3328 prium.
429 3254 480 3314 Sic
506 3255 642 3333 Αἴγειρος
665 3258 739 3331 pagi
763 3257 869 3317 Lesbii
894 3272 1013 3318 nomen
1037 3261 1102 3332 est,
1130 3257 1252 3335 Αἴγειρα
1277 3258 1367 3317 urbis
1391 3257 1565 3317 Achaicae.

244 3357 293 3414 Fr.
320 3357 372 3415 52.
397 3356 509 3416 Nauck
533 3358 587 3417 cit.
614 3358 697 3417 Plut.
723 3358 762 3418 de
786 3358 861 3418 irat.
887 3375 952 3418 arn.
978 3375 1047 3434 cap.
1074 3360 1103 3434 2,
1129 3360 1207 3419 Nor.
1232 3375 1261 3433 p.
1287 3360 1362 3418 479.

244 3457 371 3516 11354.
408 3454 469 3515 ἐπὶ
504 3456 560 3536 γὰρ
594 3457 648 3534 τὴν
679 3457 758 3518 θέαν
789 3455 949 3518 testati
983 3457 1065 3519 ἐκεῖ
1093 3461 1184 3520 Kock
1215 3475 1272 3534 pro
1296 3458 1350 3517 ἔτι
1378 3492 1417 3501 -
1442 3453 1564 3539 ᾡκεῖτ’

287 3555 360 3629 ἐκεῖ,
393 3558 441 3618 Bl.
468 3593 506 3602 -
531 3556 687 3619 eaecoa’
725 3557 799 3632 oiri,
832 3562 903 3635 ipse
934 3562 1012 3622 olim
1045 3559 1263 3634 ὠστίζεται,
1293 3561 1364 3621 coll.
1398 3560 1568 3633 Sophrona

287 3654 435 3730 ὠστίζεται
457 3665 517 3731 τοῖς
540 3661 808 3739 τρηματιζόντεσσις
839 3664 893 3722 Ar.
918 3665 998 3723 Ach.
1025 3665 1076 3723 24.
1102 3664 1178 3723 848.
1203 3664 1278 3736 LyS.
1304 3663 1386 3735 330;
1411 3660 1566 3722 Teleclid.

288 3760 317 3819 Il
343 3761 407 3819 362
433 3759 476 3836 (l,
505 3763 554 3832 13)
579 3764 620 3823 N.

243 3862 266 3919 F
270 3878 293 3920 r.
319 3863 372 3920 84.
397 3859 628 3940 ἀρχοίίααρος,
651 3860 928 3941 ἀρχογίυπτσίὸης.
953 3865 1000 3925 ΒΙ.
1022 3866 1159 3938 requirit
1179 3863 1269 3943 ἆρχε
1285 3899 1335 3940 -,
1356 3864 1412 3925 Sed
1434 3865 1567 3925 varient

287 3964 319 4021 in
344 3964 580 4037 compositione
603 3962 683 4040 ἀρχα,
706 3961 788 4041 ἆρχε,
811 3962 892 4040 ἀρχα.
920 3965 966 4024 De
991 3966 1108 4026 ultimo
1133 3966 1172 4026 cf.
1198 3967 1335 4026 uomina
1359 3965 1568 4043 Ἀρχοιιράιης,

288 4062 507 4139 Ἀρχομενίδης,
532 4067 681 4141 {lexovino
705 4081 802 4141 saepe
826 4069 1074 4127 occurrentibus
1099 4069 1131 4127 in
1155 4068 1274 4128 titulis,

243 4166 293 4225 Fr.
318 4166 371 4225 85.
395 4166 608 4241 βίετεδαίμιαι.
634 4168 808 4240 Headlam,
835 4168 907 4228 coll.
934 4169 1065 4228 Luclau.
1090 4170 1236 4229 111584.
1265 4185 1322 4244 ,as
1346 4170 1418 4244 pale
1442 4185 1480 4229 as
1503 4185 1565 4230 one

287 4268 361 4326 who
386 4268 446 4326 has
470 4283 548 4327 seen
572 4283 613 4327 an
639 4269 855 4342 apparition.‘’

242 4370 292 4427 Fr.
319 4371 372 4428 99.
398 4369 655 4445 τυραννοδαίμων.
680 4370 728 4429 Β1.
754 4371 808 4430 eft.
833 4371 1062 4446 πορνοδαίμων,
1085 4371 1286 4449 σοροδαίμων,
1308 4371 1526 4451 τρνγοδαίμων.

244 4471 293 4529 Fr.
312 4473 382 4545 104,
401 4473 430 4530 b.
447 4472 536 4531 Idem
551 4472 689 4531 coniecit
709 4469 862 4550 r'r'yvorru
882 4472 920 4531 τὸ
941 4472 1060 4532 καλὸν
1079 4469 1274 4550 κάγαθόν,
1293 4472 1325 4532 τὸ
1338 4471 1563 4551 euphremio>

288 4573 434 4645 Papyrus
463 4579 853 4651 aeyypayorouolov.
884 4576 1005 4634 Parum
1041 4590 1121 4634 saue
1154 4574 1330 4649 probabilis
1365 4578 1416 4636 est
1447 4576 1565 4637 Kockii

287 4675 473 4733 coniectura
503 4671 600 4750 ἄχνη
631 4674 669 4733 τὸ
700 4673 819 4733 καλὸν
851 4698 932 4750 μοι,
963 4673 1112 4752 τάγαθόν,
1142 4674 1174 4733 τὸ
1198 4668 1423 4752 σεμνὸν<ἧν>,
1446 4679 1505 4738 Sed
1530 4679 1563 4739 in

286 4775 502 4847 llluydesiana
522 4777 687 4835 sententia
703 4792 881 4849 pronomen
902 4799 951 4852 μοι
976 4792 1072 4850 aegre
1092 4776 1304 4851 desideratur,
1324 4793 1385 4838 uec
1405 4780 1489 4839 ratio
1510 4781 1563 4840 ha·

287 4875 380 4934 betur
402 4877 583 4949 primarum
608 4876 793 4937 litterarum
818 4899 925 4957 ιταγγη.
951 4878 1054 4954 Quare
1079 4879 1151 4938 vide
1174 4894 1216 4938 an
1239 4879 1448 4941 scribendum
1471 4882 1534 4942 sit:
