<?xml version="1.0" encoding="UTF-8"?>
<!DOCTYPE html PUBLIC "-//W3C//DTD XHTML 1.0 Transitional//EN"
    "http://www.w3.org/TR/xhtml1/DTD/xhtml1-transitional.dtd">
<html xmlns="http://www.w3.org/1999/xhtml" xml:lang="en" lang="en">
 <head>
  <title>
</title>
<meta http-equiv="Content-Type" content="text/html;charset=utf-8" />
  <meta name='ocr-system' content='tesseract 3.04.00' />
  <meta name='ocr-capabilities' content='ocr_page ocr_carea ocr_par ocr_line ocrx_word'/>
</head>
<body>
  <div class='ocr_page' id='page_1' title='image "./collectaneacrit00herwgoog_0096.png"; bbox 0 0 3502 5512; ppageno 0'>
   <div class='ocr_carea' id='block_1_1' title="bbox 821 369 864 428">
    <p class='ocr_par' dir='ltr' id='par_1_1' title="bbox 821 369 864 428">
     <span class='ocr_line' id='line_1_1' title="bbox 821 369 864 428; baseline -0.023 0"><span class='ocrx_word' id='word_1_1' title='bbox 821 369 864 428; x_wconf 80' lang='lat'>59</span> 
     </span>
    </p>
   </div>
   <div class='ocr_carea' id='block_1_2' title="bbox 224 516 1504 632">
    <p class='ocr_par' dir='ltr' id='par_1_2' title="bbox 224 516 1504 632">
     <span class='ocr_line' id='line_1_2' title="bbox 224 516 1504 632; baseline 0.003 -20"><span class='ocrx_word' id='word_1_2' title='bbox 224 552 321 614; x_wconf 84' lang='lat' dir='ltr'>valde</span> <span class='ocrx_word' id='word_1_3' title='bbox 361 555 444 616; x_wconf 89' lang='lat' dir='ltr'>mibi</span> <span class='ocrx_word' id='word_1_4' title='bbox 484 557 618 631; x_wconf 86' lang='lat' dir='ltr'>quidem</span> <span class='ocrx_word' id='word_1_5' title='bbox 652 556 863 617; x_wconf 87' lang='lat' dir='ltr'>abblanditur</span> <span class='ocrx_word' id='word_1_6' title='bbox 898 556 985 631; x_wconf 91' lang='lat' dir='ltr'>prior</span> <span class='ocrx_word' id='word_1_7' title='bbox 1021 556 1121 631; x_wconf 82' lang='lat' dir='ltr'>Angli</span> <span class='ocrx_word' id='word_1_8' title='bbox 1158 516 1359 632; x_wconf 84' lang='lat' dir='ltr'>coniectura,</span> <span class='ocrx_word' id='word_1_9' title='bbox 1392 557 1430 616; x_wconf 90' lang='lat' dir='ltr'>ut</span> <span class='ocrx_word' id='word_1_10' title='bbox 1463 554 1504 629; x_wconf 80' lang='grc' dir='ltr'><strong><em>εἰς</em></strong></span> 
     </span>
    </p>
   </div>
   <div class='ocr_carea' id='block_1_3' title="bbox 178 648 1594 4993">
    <p class='ocr_par' dir='ltr' id='par_1_3' title="bbox 223 648 1264 736">
     <span class='ocr_line' id='line_1_3' title="bbox 223 648 1264 736; baseline 0.005 -25"><span class='ocrx_word' id='word_1_11' title='bbox 223 648 375 714; x_wconf 81' lang='grc' dir='ltr'><strong><em>ἀπώλειαν</em></strong></span> <span class='ocrx_word' id='word_1_12' title='bbox 398 658 559 719; x_wconf 84' lang='lat' dir='ltr'>habeatur</span> <span class='ocrx_word' id='word_1_13' title='bbox 582 674 640 734; x_wconf 93' lang='lat' dir='ltr'>pro</span> <span class='ocrx_word' id='word_1_14' title='bbox 663 658 864 734; x_wconf 82' lang='lat' dir='ltr'>glossemate</span> <span class='ocrx_word' id='word_1_15' title='bbox 887 657 1050 719; x_wconf 86' lang='lat' dir='ltr'>formulae</span> <span class='ocrx_word' id='word_1_16' title='bbox 1072 654 1102 729; x_wconf 79' lang='grc' dir='ltr'>ἐς</span> <span class='ocrx_word' id='word_1_17' title='bbox 1125 657 1264 736; x_wconf 80' lang='grc' dir='ltr'>κόρακας.</span> 
     </span>
    </p>

    <p class='ocr_par' dir='ltr' id='par_1_4' title="bbox 180 751 1114 838">
     <span class='ocr_line' id='line_1_4' title="bbox 180 751 1114 838; baseline 0.01 -27"><span class='ocrx_word' id='word_1_18' title='bbox 180 751 231 813; x_wconf 81' lang='lat' dir='ltr'>Fr.</span> <span class='ocrx_word' id='word_1_19' title='bbox 256 755 331 817; x_wconf 81' lang='lat'>201.</span> <span class='ocrx_word' id='word_1_20' title='bbox 356 756 494 819; x_wconf 80' lang='lat' dir='ltr'><strong>Frustra</strong></span> <span class='ocrx_word' id='word_1_21' title='bbox 518 759 567 821; x_wconf 87' lang='lat' dir='ltr'>Bl.</span> <span class='ocrx_word' id='word_1_22' title='bbox 592 758 724 838; x_wconf 80' lang='grc' dir='ltr'><strong><em>σύνειρε,</em></strong></span> <span class='ocrx_word' id='word_1_23' title='bbox 751 760 823 821; x_wconf 84' lang='grc' dir='ltr'><strong><em>οολλ.</em></strong></span> <span class='ocrx_word' id='word_1_24' title='bbox 847 761 903 821; x_wconf 86' lang='lat' dir='ltr'>Ar.</span> <span class='ocrx_word' id='word_1_25' title='bbox 930 759 990 820; x_wconf 83' lang='lat' dir='ltr'>Ar.</span> <span class='ocrx_word' id='word_1_26' title='bbox 1018 760 1114 820; x_wconf 83' lang='lat'>1079.</span> 
     </span>
    </p>

    <p class='ocr_par' dir='ltr' id='par_1_5' title="bbox 179 852 1504 1240">
     <span class='ocr_line' id='line_1_5' title="bbox 179 852 1504 939; baseline 0.005 -26"><span class='ocrx_word' id='word_1_27' title='bbox 179 852 231 915; x_wconf 79' lang='lat' dir='ltr'>Fr.</span> <span class='ocrx_word' id='word_1_28' title='bbox 263 857 337 918; x_wconf 85' lang='grc'><strong>203.</strong></span> <span class='ocrx_word' id='word_1_29' title='bbox 367 856 495 934; x_wconf 84' lang='lat' dir='ltr'><strong>Duplex</strong></span> <span class='ocrx_word' id='word_1_30' title='bbox 525 860 693 935; x_wconf 86' lang='lat' dir='ltr'>Blaydesii</span> <span class='ocrx_word' id='word_1_31' title='bbox 716 864 888 921; x_wconf 87' lang='lat' dir='ltr'>tentamen</span> <span class='ocrx_word' id='word_1_32' title='bbox 912 860 1041 936; x_wconf 83' lang='lat' dir='ltr'>iugulat</span> <span class='ocrx_word' id='word_1_33' title='bbox 1062 858 1309 939; x_wconf 76' lang='grc' dir='ltr'><strong><em>παριδιόρθωοις</em></strong></span> <span class='ocrx_word' id='word_1_34' title='bbox 1332 857 1504 919; x_wconf 75' lang='grc' dir='ltr'><strong><em>πιόντων</em></strong></span> 
     </span>
     <span class='ocr_line' id='line_1_6' title="bbox 223 957 1504 1038; baseline 0.002 -21"><span class='ocrx_word' id='word_1_35' title='bbox 223 971 282 1031; x_wconf 94' lang='lat' dir='ltr'>pro</span> <span class='ocrx_word' id='word_1_36' title='bbox 310 957 523 1035; x_wconf 76' lang='grc' dir='ltr'><strong><em>πινόντων,</em></strong></span> <span class='ocrx_word' id='word_1_37' title='bbox 554 962 650 1037; x_wconf 87' lang='lat' dir='ltr'>quale</span> <span class='ocrx_word' id='word_1_38' title='bbox 676 977 834 1038; x_wconf 87' lang='lat' dir='ltr'>praesens</span> <span class='ocrx_word' id='word_1_39' title='bbox 864 964 914 1023; x_wconf 90' lang='lat' dir='ltr'>est</span> <span class='ocrx_word' id='word_1_40' title='bbox 949 963 1189 1038; x_wconf 86' lang='lat' dir='ltr'>necessarium,</span> <span class='ocrx_word' id='word_1_41' title='bbox 1222 962 1299 1037; x_wconf 87' lang='lat' dir='ltr'>quia</span> <span class='ocrx_word' id='word_1_42' title='bbox 1330 960 1438 1036; x_wconf 87' lang='lat' dir='ltr'>agitur</span> <span class='ocrx_word' id='word_1_43' title='bbox 1465 960 1504 1021; x_wconf 92' lang='lat' dir='ltr'>de</span> 
     </span>
     <span class='ocr_line' id='line_1_7' title="bbox 223 1058 1504 1139; baseline 0.005 -21"><span class='ocrx_word' id='word_1_44' title='bbox 223 1058 351 1121; x_wconf 90' lang='lat' dir='ltr'>actione</span> <span class='ocrx_word' id='word_1_45' title='bbox 381 1061 562 1123; x_wconf 82' lang='lat' dir='ltr'>identidem</span> <span class='ocrx_word' id='word_1_46' title='bbox 597 1065 748 1138; x_wconf 87' lang='lat' dir='ltr'>repetita.</span> <span class='ocrx_word' id='word_1_47' title='bbox 784 1064 993 1125; x_wconf 81' lang='lat' dir='ltr'>Sententiam</span> <span class='ocrx_word' id='word_1_48' title='bbox 1023 1064 1135 1139; x_wconf 91' lang='lat' dir='ltr'>potius</span> <span class='ocrx_word' id='word_1_49' title='bbox 1165 1079 1265 1139; x_wconf 88' lang='lat' dir='ltr'>quam</span> <span class='ocrx_word' id='word_1_50' title='bbox 1290 1064 1362 1139; x_wconf 90' lang='lat' dir='ltr'>ipsa</span> <span class='ocrx_word' id='word_1_51' title='bbox 1387 1065 1504 1138; x_wconf 87' lang='lat' dir='ltr'>poetae</span> 
     </span>
     <span class='ocr_line' id='line_1_8' title="bbox 223 1161 888 1240; baseline 0.012 -21"><span class='ocrx_word' id='word_1_52' title='bbox 223 1161 324 1222; x_wconf 87' lang='lat' dir='ltr'>verba</span> <span class='ocrx_word' id='word_1_53' title='bbox 346 1162 462 1225; x_wconf 81' lang='lat' dir='ltr'>afferre</span> <span class='ocrx_word' id='word_1_54' title='bbox 486 1163 617 1225; x_wconf 87' lang='lat' dir='ltr'>videtur</span> <span class='ocrx_word' id='word_1_55' title='bbox 640 1167 888 1240; x_wconf 82' lang='lat' dir='ltr'>grammaticus.</span> 
     </span>
    </p>

    <p class='ocr_par' dir='ltr' id='par_1_6' title="bbox 180 1261 1221 1344">
     <span class='ocr_line' id='line_1_9' title="bbox 180 1261 1221 1344; baseline 0.007 -24"><span class='ocrx_word' id='word_1_56' title='bbox 180 1261 231 1322; x_wconf 82' lang='lat' dir='ltr'>Pr.</span> <span class='ocrx_word' id='word_1_57' title='bbox 255 1262 330 1324; x_wconf 82' lang='lat'><strong>206.</strong></span> <span class='ocrx_word' id='word_1_58' title='bbox 354 1261 461 1344; x_wconf 76' lang='grc' dir='ltr'><strong><em>ἄνδρες</em></strong></span> <span class='ocrx_word' id='word_1_59' title='bbox 484 1280 542 1341; x_wconf 91' lang='lat' dir='ltr'>pro</span> <span class='ocrx_word' id='word_1_60' title='bbox 565 1267 671 1338; x_wconf 79' lang='grc' dir='ltr'><strong><em>παῖδες</em></strong></span> <span class='ocrx_word' id='word_1_61' title='bbox 695 1267 910 1344; x_wconf 85' lang='lat' dir='ltr'>expectabam</span> <span class='ocrx_word' id='word_1_62' title='bbox 935 1284 1011 1330; x_wconf 92' lang='lat' dir='ltr'>cum</span> <span class='ocrx_word' id='word_1_63' title='bbox 1033 1267 1221 1343; x_wconf 88' lang='lat' dir='ltr'>Blaydesio.</span> 
     </span>
    </p>

    <p class='ocr_par' dir='ltr' id='par_1_7' title="bbox 180 1359 1507 1549">
     <span class='ocr_line' id='line_1_10' title="bbox 180 1359 1507 1449; baseline 0.002 -26"><span class='ocrx_word' id='word_1_64' title='bbox 180 1362 230 1426; x_wconf 78' lang='lat' dir='ltr'>nr.</span> <span class='ocrx_word' id='word_1_65' title='bbox 255 1366 330 1427; x_wconf 81' lang='lat'><strong>207.</strong></span> <span class='ocrx_word' id='word_1_66' title='bbox 362 1366 483 1428; x_wconf 80' lang='lat' dir='ltr'>Tentat</span> <span class='ocrx_word' id='word_1_67' title='bbox 505 1368 593 1428; x_wconf 83' lang='lat' dir='ltr'>idom</span> <span class='ocrx_word' id='word_1_68' title='bbox 617 1384 683 1430; x_wconf 91' lang='lat' dir='ltr'>non</span> <span class='ocrx_word' id='word_1_69' title='bbox 706 1369 794 1429; x_wconf 81' lang='lat' dir='ltr'>male</span> <span class='ocrx_word' id='word_1_70' title='bbox 817 1367 854 1429; x_wconf 83' lang='grc' dir='ltr'>οὐ</span> <span class='ocrx_word' id='word_1_71' title='bbox 882 1367 996 1449; x_wconf 82' lang='grc' dir='ltr'><strong><em>(γὰρ)</em></strong></span> <span class='ocrx_word' id='word_1_72' title='bbox 1021 1376 1187 1446; x_wconf 84' lang='grc' dir='ltr'><strong><em>μονοσιτῶν</em></strong></span> <span class='ocrx_word' id='word_1_73' title='bbox 1214 1359 1340 1431; x_wconf 75' lang='grc' dir='ltr'>(ἐσθ’)</span> <span class='ocrx_word' id='word_1_74' title='bbox 1366 1359 1507 1444; x_wconf 77' lang='grc' dir='ltr'><strong><em>ἑκάστοτ’,</em></strong></span> 
     </span>
     <span class='ocr_line' id='line_1_11' title="bbox 222 1464 1102 1549; baseline 0.006 -24"><span class='ocrx_word' id='word_1_75' title='bbox 222 1464 296 1526; x_wconf 79' lang='grc' dir='ltr'><strong><em>ἀλλὰ</em></strong></span> <span class='ocrx_word' id='word_1_76' title='bbox 318 1465 369 1527; x_wconf 87' lang='grc' dir='ltr'>καλ</span> <span class='ocrx_word' id='word_1_77' title='bbox 389 1465 394 1546; x_wconf 88' lang='grc' dir='ltr'>Ι</span> <span class='ocrx_word' id='word_1_78' title='bbox 415 1465 507 1529; x_wconf 81' lang='grc' dir='ltr'><strong><em>ένέοτε</em></strong></span> <span class='ocrx_word' id='word_1_79' title='bbox 531 1468 662 1529; x_wconf 76' lang='grc' dir='ltr'><strong><em>δειπνῶν</em></strong></span> <span class='ocrx_word' id='word_1_80' title='bbox 691 1467 810 1534; x_wconf 63' lang='lat' dir='ltr'>dore&gt;</span> <span class='ocrx_word' id='word_1_81' title='bbox 837 1468 884 1543; x_wconf 82' lang='grc' dir='ltr'>δὶς</span> <span class='ocrx_word' id='word_1_82' title='bbox 907 1479 958 1548; x_wconf 81' lang='grc' dir='ltr'>τῆς</span> <span class='ocrx_word' id='word_1_83' title='bbox 981 1466 1102 1549; x_wconf 71' lang='grc' dir='ltr'><strong><em>ἡμέρας.</em></strong></span> 
     </span>
    </p>

    <p class='ocr_par' dir='ltr' id='par_1_8' title="bbox 178 1563 1071 1649">
     <span class='ocr_line' id='line_1_12' title="bbox 178 1563 1071 1649; baseline 0.004 -20"><span class='ocrx_word' id='word_1_84' title='bbox 178 1571 230 1630; x_wconf 83' lang='lat' dir='ltr'>Pr.</span> <span class='ocrx_word' id='word_1_85' title='bbox 256 1569 319 1629; x_wconf 80' lang='lat'>207</span> <span class='ocrx_word' id='word_1_86' title='bbox 334 1569 363 1631; x_wconf 92' lang='lat' dir='ltr'>b.</span> <span class='ocrx_word' id='word_1_87' title='bbox 388 1563 446 1630; x_wconf 80' lang='grc' dir='ltr'>οὐκ</span> <span class='ocrx_word' id='word_1_88' title='bbox 469 1566 684 1649; x_wconf 79' lang='grc' dir='ltr'><strong><em>ἀπεχρρσάμην</em></strong></span> <span class='ocrx_word' id='word_1_89' title='bbox 708 1572 781 1632; x_wconf 88' lang='lat' dir='ltr'>sine</span> <span class='ocrx_word' id='word_1_90' title='bbox 806 1587 907 1633; x_wconf 85' lang='lat' dir='ltr'>causa</span> <span class='ocrx_word' id='word_1_91' title='bbox 929 1573 979 1633; x_wconf 87' lang='lat' dir='ltr'>Bl.</span> <span class='ocrx_word' id='word_1_92' title='bbox 1068 1637 1071 1642; x_wconf 72' lang='grc'><strong>,</strong></span> 
     </span>
    </p>

    <p class='ocr_par' dir='ltr' id='par_1_9' title="bbox 179 1666 1505 1848">
     <span class='ocr_line' id='line_1_13' title="bbox 179 1666 1505 1748; baseline -0.002 -16"><span class='ocrx_word' id='word_1_93' title='bbox 179 1672 230 1733; x_wconf 83' lang='lat' dir='ltr'>Fr.</span> <span class='ocrx_word' id='word_1_94' title='bbox 255 1672 330 1748; x_wconf 84' lang='lat'>209,</span> <span class='ocrx_word' id='word_1_95' title='bbox 356 1671 387 1732; x_wconf 82' lang='lat'>2.</span> <span class='ocrx_word' id='word_1_96' title='bbox 410 1668 461 1731; x_wconf 85' lang='grc' dir='ltr'>καλ</span> <span class='ocrx_word' id='word_1_97' title='bbox 483 1687 541 1747; x_wconf 88' lang='lat' dir='ltr'>pro</span> <span class='ocrx_word' id='word_1_98' title='bbox 563 1668 620 1731; x_wconf 79' lang='grc' dir='ltr'>ιιάν</span> <span class='ocrx_word' id='word_1_99' title='bbox 643 1673 740 1734; x_wconf 87' lang='lat' dir='ltr'>malit</span> <span class='ocrx_word' id='word_1_100' title='bbox 763 1673 810 1735; x_wconf 90' lang='lat' dir='ltr'>Bl.</span> <span class='ocrx_word' id='word_1_101' title='bbox 836 1674 957 1735; x_wconf 77' lang='lat' dir='ltr'>Eodem</span> <span class='ocrx_word' id='word_1_102' title='bbox 981 1675 1051 1735; x_wconf 88' lang='lat' dir='ltr'>iure</span> <span class='ocrx_word' id='word_1_103' title='bbox 1074 1688 1123 1734; x_wconf 87' lang='lat' dir='ltr'>vs.</span> <span class='ocrx_word' id='word_1_104' title='bbox 1152 1675 1168 1732; x_wconf 93' lang='grc'>1</span> <span class='ocrx_word' id='word_1_105' title='bbox 1197 1671 1297 1735; x_wconf 81' lang='lat' dir='ltr'>scribi</span> <span class='ocrx_word' id='word_1_106' title='bbox 1319 1671 1425 1747; x_wconf 90' lang='lat' dir='ltr'>possit</span> <span class='ocrx_word' id='word_1_107' title='bbox 1447 1666 1505 1730; x_wconf 75' lang='grc' dir='ltr'>κάν</span> 
     </span>
     <span class='ocr_line' id='line_1_14' title="bbox 223 1769 893 1848; baseline 0.009 -17"><span class='ocrx_word' id='word_1_108' title='bbox 223 1787 281 1848; x_wconf 87' lang='lat' dir='ltr'>pro</span> <span class='ocrx_word' id='word_1_109' title='bbox 303 1769 362 1832; x_wconf 83' lang='grc' dir='ltr'>καλ.</span> <span class='ocrx_word' id='word_1_110' title='bbox 388 1807 428 1816; x_wconf 99' lang='grc'>-</span> <span class='ocrx_word' id='word_1_111' title='bbox 453 1770 619 1833; x_wconf 74' lang='grc' dir='ltr'><strong><em>κατέκειντο</em></strong></span> <span class='ocrx_word' id='word_1_112' title='bbox 643 1776 769 1836; x_wconf 80' lang='lat' dir='ltr'>temore</span> <span class='ocrx_word' id='word_1_113' title='bbox 795 1776 893 1837; x_wconf 87' lang='lat' dir='ltr'>idem.</span> 
     </span>
    </p>

    <p class='ocr_par' dir='ltr' id='par_1_10' title="bbox 179 1870 1594 2255">
     <span class='ocr_line' id='line_1_15' title="bbox 179 1870 1505 1956; baseline -0.002 -23"><span class='ocrx_word' id='word_1_114' title='bbox 179 1873 231 1934; x_wconf 79' lang='lat' dir='ltr'>Fr.</span> <span class='ocrx_word' id='word_1_115' title='bbox 257 1870 677 1948; x_wconf 74' lang='grc' dir='ltr'><strong><em>209.Β1.σὲοὲιιιιύζων</em></strong></span> <span class='ocrx_word' id='word_1_116' title='bbox 700 1874 843 1956; x_wconf 84' lang='grc' dir='ltr'><strong><em>&lt;ὅρνις&gt;</em></strong></span> <span class='ocrx_word' id='word_1_117' title='bbox 869 1874 998 1956; x_wconf 75' lang='grc' dir='ltr'><strong><em>ἀλέκτωρ</em></strong></span> <span class='ocrx_word' id='word_1_118' title='bbox 1022 1873 1208 1955; x_wconf 82' lang='grc' dir='ltr'><strong><em>&lt;ὄροριον&gt;</em></strong></span> <span class='ocrx_word' id='word_1_119' title='bbox 1231 1872 1276 1934; x_wconf 86' lang='grc' dir='ltr'><strong><em>αἰελ</em></strong></span> <span class='ocrx_word' id='word_1_120' title='bbox 1307 1877 1505 1952; x_wconf 75' lang='grc' dir='ltr'><strong><em>προκαλεῖται.</em></strong></span> 
     </span>
     <span class='ocr_line' id='line_1_16' title="bbox 222 1973 1503 2058; baseline 0 -23"><span class='ocrx_word' id='word_1_121' title='bbox 222 1975 338 2037; x_wconf 83' lang='lat' dir='ltr'>llelius</span> <span class='ocrx_word' id='word_1_122' title='bbox 356 1976 546 2051; x_wconf 81' lang='lat' dir='ltr'>scripsisset</span> <span class='ocrx_word' id='word_1_123' title='bbox 565 1976 631 2036; x_wconf 78' lang='grc' dir='ltr'><strong><em>αἰεὶ.</em></strong></span> <span class='ocrx_word' id='word_1_124' title='bbox 656 1979 768 2041; x_wconf 89' lang='lat' dir='ltr'>Placet</span> <span class='ocrx_word' id='word_1_125' title='bbox 786 1975 914 2058; x_wconf 75' lang='grc' dir='ltr'><strong><em>ὄρθριον</em></strong></span> <span class='ocrx_word' id='word_1_126' title='bbox 934 1995 993 2056; x_wconf 90' lang='lat' dir='ltr'>pro</span> <span class='ocrx_word' id='word_1_127' title='bbox 1013 1973 1107 2057; x_wconf 76' lang='grc' dir='ltr'><strong><em>ὅρθρί</em></strong></span> <span class='ocrx_word' id='word_1_128' title='bbox 1130 1979 1266 2048; x_wconf 90' lang='lat' dir='ltr'>(inserto</span> <span class='ocrx_word' id='word_1_129' title='bbox 1285 1993 1305 2037; x_wconf 88' lang='lat' dir='ltr'>a</span> <span class='ocrx_word' id='word_1_130' title='bbox 1323 1975 1503 2050; x_wconf 87' lang='lat' dir='ltr'>Lobeclrlo),</span> 
     </span>
     <span class='ocr_line' id='line_1_17' title="bbox 223 2074 1594 2163; baseline -0.001 -27"><span class='ocrx_word' id='word_1_131' title='bbox 223 2079 260 2136; x_wconf 93' lang='lat' dir='ltr'>ut</span> <span class='ocrx_word' id='word_1_132' title='bbox 282 2076 362 2137; x_wconf 92' lang='lat' dir='ltr'>dicit</span> <span class='ocrx_word' id='word_1_133' title='bbox 383 2077 469 2139; x_wconf 88' lang='lat' dir='ltr'>solet</span> <span class='ocrx_word' id='word_1_134' title='bbox 492 2074 618 2156; x_wconf 78' lang='grc' dir='ltr'><strong><em>ὄρθριον</em></strong></span> <span class='ocrx_word' id='word_1_135' title='bbox 642 2078 740 2161; x_wconf 73' lang='grc' dir='ltr'><strong><em>ᾅδειν,</em></strong></span> <span class='ocrx_word' id='word_1_136' title='bbox 759 2080 870 2141; x_wconf 91' lang='lat' dir='ltr'>minus</span> <span class='ocrx_word' id='word_1_137' title='bbox 896 2094 972 2141; x_wconf 91' lang='lat' dir='ltr'>vero</span> <span class='ocrx_word' id='word_1_138' title='bbox 996 2080 1146 2141; x_wconf 86' lang='lat' dir='ltr'>additum</span> <span class='ocrx_word' id='word_1_139' title='bbox 1170 2080 1242 2139; x_wconf 84' lang='lat' dir='ltr'>avis</span> <span class='ocrx_word' id='word_1_140' title='bbox 1262 2079 1343 2138; x_wconf 87' lang='lat' dir='ltr'>adeo</span> <span class='ocrx_word' id='word_1_141' title='bbox 1363 2077 1432 2137; x_wconf 91' lang='lat' dir='ltr'>noti</span> <span class='ocrx_word' id='word_1_142' title='bbox 1451 2090 1504 2135; x_wconf 92' lang='lat' dir='ltr'>no·</span> <span class='ocrx_word' id='word_1_143' title='bbox 1591 2158 1594 2163; x_wconf 89' lang='lat'><em>.</em></span> 
     </span>
     <span class='ocr_line' id='line_1_18' title="bbox 224 2173 616 2255; baseline 0.003 -16"><span class='ocrx_word' id='word_1_144' title='bbox 224 2178 307 2239; x_wconf 90' lang='lat' dir='ltr'>mini</span> <span class='ocrx_word' id='word_1_145' title='bbox 329 2173 421 2255; x_wconf 78' lang='grc' dir='ltr'><strong><em>ὄρνις.</em></strong></span> <span class='ocrx_word' id='word_1_146' title='bbox 445 2179 616 2240; x_wconf 76' lang='lat' dir='ltr'>Fortasse:</span> 
     </span>
    </p>

    <p class='ocr_par' dir='ltr' id='par_1_11' title="bbox 182 2275 1510 4993">
     <span class='ocr_line' id='line_1_19' title="bbox 269 2275 1348 2361; baseline -0.001 -22"><span class='ocrx_word' id='word_1_147' title='bbox 269 2275 301 2340; x_wconf 82' lang='grc' dir='ltr'>σέ</span> <span class='ocrx_word' id='word_1_148' title='bbox 324 2276 357 2340; x_wconf 78' lang='grc' dir='ltr'>δέ</span> <span class='ocrx_word' id='word_1_149' title='bbox 379 2281 533 2354; x_wconf 85' lang='grc' dir='ltr'><strong><em>κοκκύζων</em></strong></span> <span class='ocrx_word' id='word_1_150' title='bbox 558 2281 654 2360; x_wconf 84' lang='grc' dir='ltr'><strong><em>νόμον</em></strong></span> <span class='ocrx_word' id='word_1_151' title='bbox 678 2279 805 2361; x_wconf 80' lang='grc' dir='ltr'><strong><em>ὄρθριον</em></strong></span> <span class='ocrx_word' id='word_1_152' title='bbox 829 2280 859 2356; x_wconf 77' lang='grc' dir='ltr'>ἐξ</span> <span class='ocrx_word' id='word_1_153' title='bbox 882 2277 974 2359; x_wconf 76' lang='grc' dir='ltr'><strong><em>εὐνῆς</em></strong></span> <span class='ocrx_word' id='word_1_154' title='bbox 996 2285 1186 2361; x_wconf 69' lang='grc' dir='ltr'><strong><em>προκαλεῖται</em></strong></span> <span class='ocrx_word' id='word_1_155' title='bbox 1211 2277 1348 2358; x_wconf 77' lang='grc' dir='ltr'><strong><em>ἀλέκτωρ.</em></strong></span> 
     </span>
     <span class='ocr_line' id='line_1_20' title="bbox 182 2377 1316 2463; baseline -0.002 -21"><span class='ocrx_word' id='word_1_156' title='bbox 182 2382 234 2444; x_wconf 78' lang='lat' dir='ltr'>Fr.</span> <span class='ocrx_word' id='word_1_157' title='bbox 259 2384 335 2444; x_wconf 83' lang='lat'>211.</span> <span class='ocrx_word' id='word_1_158' title='bbox 395 2381 454 2443; x_wconf 83' lang='grc' dir='ltr'><strong><em>ὅτι</em></strong></span> <span class='ocrx_word' id='word_1_159' title='bbox 477 2377 507 2444; x_wconf 83' lang='grc' dir='ltr'>δ’</span> <span class='ocrx_word' id='word_1_160' title='bbox 533 2380 578 2442; x_wconf 75' lang='grc' dir='ltr'>ἂν</span> <span class='ocrx_word' id='word_1_161' title='bbox 601 2379 620 2461; x_wconf 73' lang='grc' dir='ltr'><em>ἡ</em></span> <span class='ocrx_word' id='word_1_162' title='bbox 645 2382 857 2463; x_wconf 79' lang='grc' dir='ltr'><strong><em>συβώτρια,</em></strong></span> <span class='ocrx_word' id='word_1_163' title='bbox 880 2377 965 2462; x_wconf 79' lang='grc' dir='ltr'>μήδ’</span> <span class='ocrx_word' id='word_1_164' title='bbox 992 2379 1095 2462; x_wconf 74' lang='grc' dir='ltr'><strong><em>ἀγαθὴ</em></strong></span> <span class='ocrx_word' id='word_1_165' title='bbox 1118 2380 1233 2462; x_wconf 79' lang='grc' dir='ltr'><strong><em>γενοιτό</em></strong></span> <span class='ocrx_word' id='word_1_166' title='bbox 1257 2403 1316 2459; x_wconf 83' lang='grc' dir='ltr'><strong><em>μοι.</em></strong></span> 
     </span>
     <span class='ocr_line' id='line_1_21' title="bbox 395 2480 1029 2563; baseline -0.002 -20"><span class='ocrx_word' id='word_1_167' title='bbox 395 2482 453 2562; x_wconf 79' lang='grc' dir='ltr'><strong><em>ἔχει</em></strong></span> <span class='ocrx_word' id='word_1_168' title='bbox 476 2480 508 2543; x_wconf 81' lang='grc' dir='ltr'>δέ</span> <span class='ocrx_word' id='word_1_169' title='bbox 531 2483 626 2562; x_wconf 85' lang='grc' dir='ltr'><strong><em>μόνον</em></strong></span> <span class='ocrx_word' id='word_1_170' title='bbox 650 2485 817 2558; x_wconf 85' lang='grc' dir='ltr'><strong><em>δακτύλους</em></strong></span> <span class='ocrx_word' id='word_1_171' title='bbox 841 2480 1029 2563; x_wconf 80' lang='grc' dir='ltr'><strong><em>αὐλητικούς.</em></strong></span> 
     </span>
     <span class='ocr_line' id='line_1_22' title="bbox 226 2583 1508 2663; baseline -0.002 -17"><span class='ocrx_word' id='word_1_172' title='bbox 226 2584 309 2660; x_wconf 83' lang='lat' dir='ltr'>Quin</span> <span class='ocrx_word' id='word_1_173' title='bbox 345 2585 471 2647; x_wconf 87' lang='lat' dir='ltr'>lateant</span> <span class='ocrx_word' id='word_1_174' title='bbox 505 2587 662 2663; x_wconf 85' lang='lat' dir='ltr'>trimetri,</span> <span class='ocrx_word' id='word_1_175' title='bbox 699 2586 785 2647; x_wconf 87' lang='lat' dir='ltr'>haud</span> <span class='ocrx_word' id='word_1_176' title='bbox 817 2587 952 2648; x_wconf 91' lang='lat' dir='ltr'>dubium</span> <span class='ocrx_word' id='word_1_177' title='bbox 989 2602 1063 2647; x_wconf 88' lang='lat' dir='ltr'>esse</span> <span class='ocrx_word' id='word_1_178' title='bbox 1097 2601 1179 2661; x_wconf 91' lang='lat' dir='ltr'>reor,</span> <span class='ocrx_word' id='word_1_179' title='bbox 1219 2585 1297 2645; x_wconf 88' lang='lat' dir='ltr'>licet</span> <span class='ocrx_word' id='word_1_180' title='bbox 1330 2583 1508 2644; x_wconf 87' lang='lat' dir='ltr'>dissentiat</span> 
     </span>
     <span class='ocr_line' id='line_1_23' title="bbox 224 2680 1508 2766; baseline -0.003 -19"><span class='ocrx_word' id='word_1_181' title='bbox 224 2686 339 2762; x_wconf 88' lang='lat' dir='ltr'>editor,</span> <span class='ocrx_word' id='word_1_182' title='bbox 364 2688 456 2748; x_wconf 90' lang='lat' dir='ltr'>cuius</span> <span class='ocrx_word' id='word_1_183' title='bbox 483 2689 691 2750; x_wconf 88' lang='lat' dir='ltr'>coniecturas</span> <span class='ocrx_word' id='word_1_184' title='bbox 711 2684 856 2766; x_wconf 78' lang='grc' dir='ltr'><strong><em>οὐτιδανὴ</em></strong></span> <span class='ocrx_word' id='word_1_185' title='bbox 876 2691 910 2750; x_wconf 93' lang='lat' dir='ltr'>et</span> <span class='ocrx_word' id='word_1_186' title='bbox 928 2686 1037 2766; x_wconf 73' lang='grc' dir='ltr'><strong><em>φωνὴν</em></strong></span> <span class='ocrx_word' id='word_1_187' title='bbox 1058 2694 1132 2762; x_wconf 87' lang='lat' dir='ltr'>(qua</span> <span class='ocrx_word' id='word_1_188' title='bbox 1152 2687 1288 2748; x_wconf 90' lang='lat' dir='ltr'>tibicina</span> <span class='ocrx_word' id='word_1_189' title='bbox 1305 2680 1351 2763; x_wconf 74' lang='grc' dir='ltr'>ἅμ’</span> <span class='ocrx_word' id='word_1_190' title='bbox 1373 2684 1508 2746; x_wconf 76' lang='grc' dir='ltr'><strong><em>αὐλοῦσα</em></strong></span> 
     </span>
     <span class='ocr_line' id='line_1_24' title="bbox 223 2786 1509 2867; baseline -0.002 -18"><span class='ocrx_word' id='word_1_191' title='bbox 223 2788 274 2849; x_wconf 91' lang='lat' dir='ltr'>uti</span> <span class='ocrx_word' id='word_1_192' title='bbox 304 2803 370 2849; x_wconf 90' lang='lat' dir='ltr'>non</span> <span class='ocrx_word' id='word_1_193' title='bbox 401 2791 542 2864; x_wconf 87' lang='lat' dir='ltr'>poterat)</span> <span class='ocrx_word' id='word_1_194' title='bbox 566 2805 701 2865; x_wconf 90' lang='lat' dir='ltr'>prorsus</span> <span class='ocrx_word' id='word_1_195' title='bbox 724 2790 882 2867; x_wconf 90' lang='lat' dir='ltr'>improbo.</span> <span class='ocrx_word' id='word_1_196' title='bbox 907 2791 1059 2851; x_wconf 86' lang='lat' dir='ltr'>Alterum</span> <span class='ocrx_word' id='word_1_197' title='bbox 1083 2791 1197 2850; x_wconf 87' lang='lat' dir='ltr'>autem</span> <span class='ocrx_word' id='word_1_198' title='bbox 1220 2803 1354 2849; x_wconf 88' lang='lat' dir='ltr'>versum</span> <span class='ocrx_word' id='word_1_199' title='bbox 1378 2786 1509 2862; x_wconf 83' lang='lat' dir='ltr'>egregie</span> 
     </span>
     <span class='ocr_line' id='line_1_25' title="bbox 224 2888 1508 2969; baseline -0.002 -19"><span class='ocrx_word' id='word_1_200' title='bbox 224 2893 413 2952; x_wconf 87' lang='lat' dir='ltr'>correxerat</span> <span class='ocrx_word' id='word_1_201' title='bbox 442 2892 590 2953; x_wconf 81' lang='lat' dir='ltr'>bleinelre</span> <span class='ocrx_word' id='word_1_202' title='bbox 624 2893 797 2953; x_wconf 88' lang='lat' dir='ltr'>inserendo</span> <span class='ocrx_word' id='word_1_203' title='bbox 828 2890 865 2951; x_wconf 83' lang='grc' dir='ltr'>οὐ</span> <span class='ocrx_word' id='word_1_204' title='bbox 889 2895 964 2967; x_wconf 90' lang='lat' dir='ltr'>post</span> <span class='ocrx_word' id='word_1_205' title='bbox 986 2891 1089 2969; x_wconf 86' lang='grc' dir='ltr'><strong><em>μόνον.</em></strong></span> <span class='ocrx_word' id='word_1_206' title='bbox 1113 2891 1259 2952; x_wconf 89' lang='lat' dir='ltr'>Priorem</span> <span class='ocrx_word' id='word_1_207' title='bbox 1283 2888 1508 2950; x_wconf 86' lang='lat' dir='ltr'>emendaturis</span> 
     </span>
     <span class='ocr_line' id='line_1_26' title="bbox 223 2987 1507 3072; baseline -0.004 -20"><span class='ocrx_word' id='word_1_208' title='bbox 223 2990 467 3053; x_wconf 89' lang='lat' dir='ltr'>observandum</span> <span class='ocrx_word' id='word_1_209' title='bbox 498 2993 665 3054; x_wconf 87' lang='lat' dir='ltr'>Pollucem</span> <span class='ocrx_word' id='word_1_210' title='bbox 695 2992 895 3054; x_wconf 90' lang='lat' dir='ltr'>scribentem</span> <span class='ocrx_word' id='word_1_211' title='bbox 919 2987 1103 3072; x_wconf 79' lang='grc' dir='ltr'><strong><em>Ἐπίχαρμος</em></strong></span> <span class='ocrx_word' id='word_1_212' title='bbox 1133 2988 1165 3051; x_wconf 75' lang='grc' dir='ltr'>δὲ</span> <span class='ocrx_word' id='word_1_213' title='bbox 1195 2989 1245 3050; x_wconf 76' lang='grc' dir='ltr'>καὶ</span> <span class='ocrx_word' id='word_1_214' title='bbox 1269 2987 1507 3067; x_wconf 81' lang='grc' dir='ltr'><strong><em>ποιμενικὸν</em></strong></span> 
     </span>
     <span class='ocr_line' id='line_1_27' title="bbox 223 3089 1506 3172; baseline -0.002 -20"><span class='ocrx_word' id='word_1_215' title='bbox 223 3090 310 3170; x_wconf 83' lang='grc' dir='ltr'><strong><em>μέλος</em></strong></span> <span class='ocrx_word' id='word_1_216' title='bbox 333 3093 494 3154; x_wconf 67' lang='lat' dir='ltr'>adiciebat</span> <span class='ocrx_word' id='word_1_217' title='bbox 518 3094 607 3172; x_wconf 75' lang='grc' dir='ltr'><em>φησί,</em></span> <span class='ocrx_word' id='word_1_218' title='bbox 631 3094 758 3155; x_wconf 81' lang='grc' dir='ltr'><strong><em>Πλάτων</em></strong></span> <span class='ocrx_word' id='word_1_219' title='bbox 783 3090 816 3154; x_wconf 77' lang='grc' dir='ltr'>δὲ</span> <span class='ocrx_word' id='word_1_220' title='bbox 840 3090 856 3154; x_wconf 81' lang='grc' dir='ltr'>ὁ</span> <span class='ocrx_word' id='word_1_221' title='bbox 879 3092 1009 3170; x_wconf 83' lang='grc' dir='ltr'><strong><em>κωμικὸς</em></strong></span> <span class='ocrx_word' id='word_1_222' title='bbox 1036 3091 1087 3154; x_wconf 80' lang='grc' dir='ltr'>καλ</span> <span class='ocrx_word' id='word_1_223' title='bbox 1111 3089 1335 3172; x_wconf 85' lang='grc' dir='ltr'><strong><em>συβωτικὸν</em></strong></span> <span class='ocrx_word' id='word_1_224' title='bbox 1358 3090 1506 3167; x_wconf 84' lang='lat' dir='ltr'>probabi·</span> 
     </span>
     <span class='ocr_line' id='line_1_28' title="bbox 221 3193 1506 3272; baseline -0.002 -18"><span class='ocrx_word' id='word_1_225' title='bbox 221 3194 299 3256; x_wconf 92' lang='lat' dir='ltr'>liter</span> <span class='ocrx_word' id='word_1_226' title='bbox 321 3196 383 3257; x_wconf 85' lang='lat' dir='ltr'>lroc</span> <span class='ocrx_word' id='word_1_227' title='bbox 406 3196 516 3272; x_wconf 90' lang='lat' dir='ltr'>ipsum</span> <span class='ocrx_word' id='word_1_228' title='bbox 536 3196 737 3257; x_wconf 87' lang='lat' dir='ltr'>adiectivum</span> <span class='ocrx_word' id='word_1_229' title='bbox 760 3197 845 3271; x_wconf 91' lang='lat' dir='ltr'>apud</span> <span class='ocrx_word' id='word_1_230' title='bbox 864 3196 1034 3256; x_wconf 88' lang='lat' dir='ltr'>Platonem</span> <span class='ocrx_word' id='word_1_231' title='bbox 1056 3195 1190 3271; x_wconf 82' lang='lat' dir='ltr'>legisse,</span> <span class='ocrx_word' id='word_1_232' title='bbox 1218 3209 1294 3255; x_wconf 87' lang='lat' dir='ltr'>eum</span> <span class='ocrx_word' id='word_1_233' title='bbox 1312 3193 1506 3268; x_wconf 85' lang='lat' dir='ltr'>praesertim</span> 
     </span>
     <span class='ocr_line' id='line_1_29' title="bbox 221 3294 1508 3376; baseline -0.003 -20"><span class='ocrx_word' id='word_1_234' title='bbox 221 3312 288 3357; x_wconf 87' lang='lat' dir='ltr'>vox</span> <span class='ocrx_word' id='word_1_235' title='bbox 317 3296 468 3376; x_wconf 78' lang='grc' dir='ltr'><strong><em>ονβώιρια</em></strong></span> <span class='ocrx_word' id='word_1_236' title='bbox 499 3299 562 3359; x_wconf 91' lang='lat' dir='ltr'>etsi</span> <span class='ocrx_word' id='word_1_237' title='bbox 597 3299 678 3359; x_wconf 90' lang='lat' dir='ltr'>bene</span> <span class='ocrx_word' id='word_1_238' title='bbox 701 3298 845 3359; x_wconf 79' lang='lat' dir='ltr'>formata</span> <span class='ocrx_word' id='word_1_239' title='bbox 876 3313 1041 3374; x_wconf 84' lang='lat' dir='ltr'>nusquam</span> <span class='ocrx_word' id='word_1_240' title='bbox 1072 3295 1151 3357; x_wconf 90' lang='lat' dir='ltr'>alibi</span> <span class='ocrx_word' id='word_1_241' title='bbox 1180 3295 1245 3370; x_wconf 88' lang='lat' dir='ltr'>legi</span> <span class='ocrx_word' id='word_1_242' title='bbox 1278 3294 1438 3369; x_wconf 85' lang='lat' dir='ltr'>videatur,</span> <span class='ocrx_word' id='word_1_243' title='bbox 1472 3296 1508 3353; x_wconf 93' lang='lat' dir='ltr'>ut</span> 
     </span>
     <span class='ocr_line' id='line_1_30' title="bbox 221 3395 1508 3475; baseline -0.004 -17"><span class='ocrx_word' id='word_1_244' title='bbox 221 3399 346 3460; x_wconf 86' lang='lat' dir='ltr'>frustra</span> <span class='ocrx_word' id='word_1_245' title='bbox 368 3400 453 3475; x_wconf 87' lang='lat' dir='ltr'>apud</span> <span class='ocrx_word' id='word_1_246' title='bbox 477 3400 613 3460; x_wconf 90' lang='lat' dir='ltr'>Latinos</span> <span class='ocrx_word' id='word_1_247' title='bbox 633 3400 835 3475; x_wconf 87' lang='lat' dir='ltr'>quaesiveris</span> <span class='ocrx_word' id='word_1_248' title='bbox 858 3400 1046 3461; x_wconf 86' lang='lat' dir='ltr'>subulca.</span> <span class='ocrx_word' id='word_1_249' title='bbox 1073 3397 1141 3473; x_wconf 81' lang='lat' dir='ltr'>Qua</span> <span class='ocrx_word' id='word_1_250' title='bbox 1160 3396 1389 3458; x_wconf 86' lang='lat' dir='ltr'>observatione</span> <span class='ocrx_word' id='word_1_251' title='bbox 1409 3395 1508 3454; x_wconf 85' lang='lat' dir='ltr'>nixus</span> 
     </span>
     <span class='ocr_line' id='line_1_31' title="bbox 221 3490 1507 3583; baseline -0.005 -24"><span class='ocrx_word' id='word_1_252' title='bbox 221 3513 384 3574; x_wconf 84' lang='lat' dir='ltr'>propono:</span> <span class='ocrx_word' id='word_1_253' title='bbox 423 3498 598 3579; x_wconf 82' lang='grc' dir='ltr'><strong><em>(μελύδρια</em></strong></span> <span class='ocrx_word' id='word_1_254' title='bbox 634 3494 712 3576; x_wconf 80' lang='grc' dir='ltr'>δ’&gt;,</span> <span class='ocrx_word' id='word_1_255' title='bbox 750 3492 799 3560; x_wconf 79' lang='grc' dir='ltr'>οἷ’</span> <span class='ocrx_word' id='word_1_256' title='bbox 837 3495 884 3558; x_wconf 70' lang='grc' dir='ltr'>ἂν</span> <span class='ocrx_word' id='word_1_257' title='bbox 925 3492 981 3583; x_wconf 74' lang='grc' dir='ltr'>ᾖΙΙ</span> <span class='ocrx_word' id='word_1_258' title='bbox 1008 3493 1140 3578; x_wconf 61' lang='lat' dir='ltr'>obducti</span> <span class='ocrx_word' id='word_1_259' title='bbox 1179 3496 1282 3557; x_wconf 80' lang='grc' dir='ltr'><strong><em>αὐλεῖν</em></strong></span> <span class='ocrx_word' id='word_1_260' title='bbox 1317 3490 1365 3573; x_wconf 76' lang='grc' dir='ltr'>ἥδ’</span> <span class='ocrx_word' id='word_1_261' title='bbox 1404 3492 1507 3575; x_wconf 75' lang='grc' dir='ltr'><strong><em>ἀγαθὴ</em></strong></span> 
     </span>
     <span class='ocr_line' id='line_1_32' title="bbox 221 3596 1507 3680; baseline -0.003 -21"><span class='ocrx_word' id='word_1_262' title='bbox 221 3596 337 3679; x_wconf 77' lang='grc' dir='ltr'><strong><em>γένοιτό</em></strong></span> <span class='ocrx_word' id='word_1_263' title='bbox 372 3622 440 3678; x_wconf 85' lang='grc' dir='ltr'><strong><em>μοι,</em></strong></span> <span class='ocrx_word' id='word_1_264' title='bbox 468 3596 481 3680; x_wconf 83' lang='grc' dir='ltr'>ΙΙ</span> <span class='ocrx_word' id='word_1_265' title='bbox 504 3598 560 3679; x_wconf 76' lang='grc' dir='ltr'><strong><em>ἔχει</em></strong></span> <span class='ocrx_word' id='word_1_266' title='bbox 603 3596 635 3661; x_wconf 78' lang='grc' dir='ltr'>δὲ</span> <span class='ocrx_word' id='word_1_267' title='bbox 670 3600 765 3677; x_wconf 86' lang='grc' dir='ltr'><strong><em>μόνον</em></strong></span> <span class='ocrx_word' id='word_1_268' title='bbox 793 3599 887 3665; x_wconf 79' lang='grc' dir='ltr'><strong><em>&lt;οὗ&gt;</em></strong></span> <span class='ocrx_word' id='word_1_269' title='bbox 917 3600 1083 3671; x_wconf 82' lang='grc' dir='ltr'><strong><em>δακτύλους</em></strong></span> <span class='ocrx_word' id='word_1_270' title='bbox 1114 3597 1303 3676; x_wconf 83' lang='grc' dir='ltr'><strong><em>αὐλητικούς.</em></strong></span> <span class='ocrx_word' id='word_1_271' title='bbox 1334 3596 1507 3657; x_wconf 80' lang='lat' dir='ltr'>Utinam</span> 
     </span>
     <span class='ocr_line' id='line_1_33' title="bbox 224 3701 1505 3777; baseline -0.003 -15"><span class='ocrx_word' id='word_1_272' title='bbox 224 3701 350 3762; x_wconf 88' lang='lat' dir='ltr'>haece</span> <span class='ocrx_word' id='word_1_273' title='bbox 374 3703 474 3777; x_wconf 83' lang='lat' dir='ltr'>apta</span> <span class='ocrx_word' id='word_1_274' title='bbox 496 3702 600 3762; x_wconf 92' lang='lat' dir='ltr'>mibi</span> <span class='ocrx_word' id='word_1_275' title='bbox 624 3703 683 3762; x_wconf 90' lang='lat' dir='ltr'>sit</span> <span class='ocrx_word' id='word_1_276' title='bbox 706 3701 890 3763; x_wconf 90' lang='lat' dir='ltr'>tibicina</span> <span class='ocrx_word' id='word_1_277' title='bbox 913 3703 1148 3764; x_wconf 87' lang='lat' dir='ltr'>carminum</span> <span class='ocrx_word' id='word_1_278' title='bbox 1173 3701 1505 3775; x_wconf 90' lang='lat' dir='ltr'>subulcicorum,</span> 
     </span>
     <span class='ocr_line' id='line_1_34' title="bbox 225 3801 1509 3878; baseline -0.002 -16"><span class='ocrx_word' id='word_1_279' title='bbox 225 3802 353 3863; x_wconf 88' lang='lat' dir='ltr'>habet</span> <span class='ocrx_word' id='word_1_280' title='bbox 387 3804 528 3864; x_wconf 90' lang='lat' dir='ltr'>autem</span> <span class='ocrx_word' id='word_1_281' title='bbox 564 3803 653 3865; x_wconf 83' lang='lat' dir='ltr'>lere</span> <span class='ocrx_word' id='word_1_282' title='bbox 687 3803 848 3878; x_wconf 84' lang='lat' dir='ltr'>digitos</span> <span class='ocrx_word' id='word_1_283' title='bbox 884 3802 931 3864; x_wconf 93' lang='lat' dir='ltr'>ad</span> <span class='ocrx_word' id='word_1_284' title='bbox 967 3817 1055 3864; x_wconf 85' lang='lat' dir='ltr'>eam</span> <span class='ocrx_word' id='word_1_285' title='bbox 1097 3819 1182 3865; x_wconf 91' lang='lat' dir='ltr'>rem</span> <span class='ocrx_word' id='word_1_286' title='bbox 1220 3803 1407 3863; x_wconf 90' lang='lat' dir='ltr'>idoneos.</span> <span class='ocrx_word' id='word_1_287' title='bbox 1441 3801 1509 3860; x_wconf 89' lang='lat' dir='ltr'>Nec</span> 
     </span>
     <span class='ocr_line' id='line_1_35' title="bbox 224 3902 1510 3981; baseline -0.002 -17"><span class='ocrx_word' id='word_1_288' title='bbox 224 3905 338 3965; x_wconf 89' lang='lat' dir='ltr'>tamen</span> <span class='ocrx_word' id='word_1_289' title='bbox 372 3904 412 3965; x_wconf 90' lang='lat' dir='ltr'>de</span> <span class='ocrx_word' id='word_1_290' title='bbox 447 3920 525 3965; x_wconf 86' lang='lat' dir='ltr'>vera</span> <span class='ocrx_word' id='word_1_291' title='bbox 556 3905 692 3965; x_wconf 89' lang='lat' dir='ltr'>tibicina</span> <span class='ocrx_word' id='word_1_292' title='bbox 722 3905 884 3966; x_wconf 90' lang='lat' dir='ltr'>eiusmodi</span> <span class='ocrx_word' id='word_1_293' title='bbox 914 3906 1115 3981; x_wconf 88' lang='lat' dir='ltr'>carminum,</span> <span class='ocrx_word' id='word_1_294' title='bbox 1147 3920 1231 3979; x_wconf 83' lang='lat' dir='ltr'>quae</span> <span class='ocrx_word' id='word_1_295' title='bbox 1253 3904 1395 3965; x_wconf 85' lang='lat' dir='ltr'>fortasse</span> <span class='ocrx_word' id='word_1_296' title='bbox 1418 3902 1510 3963; x_wconf 92' lang='lat' dir='ltr'>nulla</span> 
     </span>
     <span class='ocr_line' id='line_1_36' title="bbox 223 4004 1507 4087; baseline -0.001 -21"><span class='ocrx_word' id='word_1_297' title='bbox 223 4020 370 4078; x_wconf 84' lang='lat' dir='ltr'>unquam</span> <span class='ocrx_word' id='word_1_298' title='bbox 390 4005 497 4081; x_wconf 87' lang='lat' dir='ltr'>fuere,</span> <span class='ocrx_word' id='word_1_299' title='bbox 517 4006 576 4066; x_wconf 90' lang='lat' dir='ltr'>sed</span> <span class='ocrx_word' id='word_1_300' title='bbox 596 4006 706 4082; x_wconf 89' lang='lat' dir='ltr'>potius</span> <span class='ocrx_word' id='word_1_301' title='bbox 730 4006 770 4066; x_wconf 93' lang='lat' dir='ltr'>de</span> <span class='ocrx_word' id='word_1_302' title='bbox 795 4004 944 4087; x_wconf 81' lang='grc' dir='ltr'><strong><em>ὑομουσίρ</em></strong></span> <span class='ocrx_word' id='word_1_303' title='bbox 968 4007 1112 4080; x_wconf 85' lang='lat' dir='ltr'>quadam</span> <span class='ocrx_word' id='word_1_304' title='bbox 1136 4021 1247 4066; x_wconf 90' lang='lat' dir='ltr'>sermo</span> <span class='ocrx_word' id='word_1_305' title='bbox 1270 4020 1344 4065; x_wconf 92' lang='lat' dir='ltr'>esse</span> <span class='ocrx_word' id='word_1_306' title='bbox 1367 4004 1507 4065; x_wconf 87' lang='lat' dir='ltr'>videtur.</span> 
     </span>
     <span class='ocr_line' id='line_1_37' title="bbox 223 4105 1508 4183; baseline -0.002 -16"><span class='ocrx_word' id='word_1_307' title='bbox 223 4106 348 4182; x_wconf 86' lang='lat' dir='ltr'>Nempe</span> <span class='ocrx_word' id='word_1_308' title='bbox 370 4107 430 4167; x_wconf 85' lang='lat' dir='ltr'>vix</span> <span class='ocrx_word' id='word_1_309' title='bbox 452 4106 565 4168; x_wconf 92' lang='lat' dir='ltr'>dubito</span> <span class='ocrx_word' id='word_1_310' title='bbox 589 4107 666 4183; x_wconf 88' lang='lat' dir='ltr'>quin</span> <span class='ocrx_word' id='word_1_311' title='bbox 690 4107 798 4167; x_wconf 87' lang='lat' dir='ltr'>subsit</span> <span class='ocrx_word' id='word_1_312' title='bbox 821 4107 970 4168; x_wconf 90' lang='lat' dir='ltr'>Platonis</span> <span class='ocrx_word' id='word_1_313' title='bbox 994 4108 1104 4169; x_wconf 86' lang='lat' dir='ltr'>verbis</span> <span class='ocrx_word' id='word_1_314' title='bbox 1134 4107 1302 4169; x_wconf 88' lang='lat' dir='ltr'>sententia</span> <span class='ocrx_word' id='word_1_315' title='bbox 1325 4105 1508 4166; x_wconf 88' lang='lat' dir='ltr'>obscaenis·</span> 
     </span>
     <span class='ocr_line' id='line_1_38' title="bbox 224 4203 1509 4283; baseline -0.002 -16"><span class='ocrx_word' id='word_1_316' title='bbox 224 4207 324 4283; x_wconf 89' lang='lat' dir='ltr'>sima,</span> <span class='ocrx_word' id='word_1_317' title='bbox 355 4208 484 4268; x_wconf 90' lang='lat' dir='ltr'>scillcet</span> <span class='ocrx_word' id='word_1_318' title='bbox 517 4203 533 4266; x_wconf 81' lang='grc' dir='ltr'>ὁ</span> <span class='ocrx_word' id='word_1_319' title='bbox 569 4206 659 4279; x_wconf 84' lang='grc' dir='ltr'><strong><em>αὐλός</em></strong></span> <span class='ocrx_word' id='word_1_320' title='bbox 690 4208 736 4268; x_wconf 91' lang='lat' dir='ltr'>sit</span> <span class='ocrx_word' id='word_1_321' title='bbox 770 4207 974 4283; x_wconf 92' lang='lat' dir='ltr'>mentula,</span> <span class='ocrx_word' id='word_1_322' title='bbox 1008 4224 1108 4282; x_wconf 86' lang='lat' dir='ltr'>quam</span> <span class='ocrx_word' id='word_1_323' title='bbox 1131 4208 1244 4283; x_wconf 91' lang='lat' dir='ltr'>digitis</span> <span class='ocrx_word' id='word_1_324' title='bbox 1267 4207 1338 4266; x_wconf 86' lang='lat' dir='ltr'>suis</span> <span class='ocrx_word' id='word_1_325' title='bbox 1368 4221 1509 4266; x_wconf 87' lang='lat' dir='ltr'>movens</span> 
     </span>
     <span class='ocr_line' id='line_1_39' title="bbox 223 4304 1509 4388; baseline -0.002 -19"><span class='ocrx_word' id='word_1_326' title='bbox 223 4309 353 4370; x_wconf 87' lang='lat' dir='ltr'>dicatur</span> <span class='ocrx_word' id='word_1_327' title='bbox 382 4308 492 4383; x_wconf 91' lang='lat' dir='ltr'>puella</span> <span class='ocrx_word' id='word_1_328' title='bbox 521 4304 659 4387; x_wconf 80' lang='grc' dir='ltr'><strong><em>ουβωιίχ’</em></strong></span> <span class='ocrx_word' id='word_1_329' title='bbox 695 4307 797 4369; x_wconf 80' lang='grc' dir='ltr'><strong><em>αὐλεῖν</em></strong></span> <span class='ocrx_word' id='word_1_330' title='bbox 828 4305 941 4388; x_wconf 68' lang='grc' dir='ltr'>ἀγαθή.</span> <span class='ocrx_word' id='word_1_331' title='bbox 976 4309 1125 4371; x_wconf 90' lang='lat' dir='ltr'>Indidem</span> <span class='ocrx_word' id='word_1_332' title='bbox 1162 4309 1393 4384; x_wconf 87' lang='lat' dir='ltr'>explicandum</span> <span class='ocrx_word' id='word_1_333' title='bbox 1423 4306 1509 4381; x_wconf 84' lang='lat' dir='ltr'>quod</span> 
     </span>
     <span class='ocr_line' id='line_1_40' title="bbox 224 4405 1510 4489; baseline -0.001 -21"><span class='ocrx_word' id='word_1_334' title='bbox 224 4409 356 4485; x_wconf 77' lang='lat' dir='ltr'>Eupolis</span> <span class='ocrx_word' id='word_1_335' title='bbox 386 4413 633 4489; x_wconf 75' lang='grc' dir='ltr'><strong><em>γλωιιοκομεῖον,</em></strong></span> <span class='ocrx_word' id='word_1_336' title='bbox 663 4425 746 4485; x_wconf 88' lang='lat' dir='ltr'>quae</span> <span class='ocrx_word' id='word_1_337' title='bbox 777 4411 907 4485; x_wconf 86' lang='lat' dir='ltr'>proprie</span> <span class='ocrx_word' id='word_1_338' title='bbox 930 4405 1024 4486; x_wconf 64' lang='lat' dir='ltr'>esti</span> <span class='ocrx_word' id='word_1_339' title='bbox 1053 4410 1136 4487; x_wconf 80' lang='grc' dir='ltr'><strong><em>θήκη</em></strong></span> <span class='ocrx_word' id='word_1_340' title='bbox 1160 4419 1219 4469; x_wconf 81' lang='grc' dir='ltr'>ιον</span> <span class='ocrx_word' id='word_1_341' title='bbox 1242 4407 1354 4484; x_wconf 75' lang='lat' dir='ltr'>coldo,</span> <span class='ocrx_word' id='word_1_342' title='bbox 1376 4409 1510 4468; x_wconf 90' lang='lat' dir='ltr'>vocavit</span> 
     </span>
     <span class='ocr_line' id='line_1_41' title="bbox 223 4508 1508 4590; baseline 0 -22"><span class='ocrx_word' id='word_1_343' title='bbox 223 4508 256 4569; x_wconf 78' lang='grc' dir='ltr'><strong><em>ιο</em></strong></span> <span class='ocrx_word' id='word_1_344' title='bbox 285 4514 460 4590; x_wconf 74' lang='grc' dir='ltr'><strong><em>γυναικεῖον</em></strong></span> <span class='ocrx_word' id='word_1_345' title='bbox 490 4508 605 4589; x_wconf 83' lang='grc' dir='ltr'><strong><em>μόριον.</em></strong></span> <span class='ocrx_word' id='word_1_346' title='bbox 630 4511 699 4571; x_wconf 90' lang='lat' dir='ltr'>Nisi</span> <span class='ocrx_word' id='word_1_347' title='bbox 722 4511 839 4572; x_wconf 86' lang='lat' dir='ltr'>Pollux</span> <span class='ocrx_word' id='word_1_348' title='bbox 864 4510 896 4570; x_wconf 91' lang='lat' dir='ltr'>X</span> <span class='ocrx_word' id='word_1_349' title='bbox 922 4512 984 4571; x_wconf 79' lang='lat'>154</span> <span class='ocrx_word' id='word_1_350' title='bbox 1009 4511 1131 4572; x_wconf 88' lang='lat' dir='ltr'>diserte</span> <span class='ocrx_word' id='word_1_351' title='bbox 1155 4512 1306 4572; x_wconf 90' lang='lat' dir='ltr'>moneret</span> <span class='ocrx_word' id='word_1_352' title='bbox 1329 4508 1508 4570; x_wconf 82' lang='lat' dir='ltr'>Timoolem</span> 
     </span>
     <span class='ocr_line' id='line_1_42' title="bbox 224 4607 1508 4690; baseline -0.001 -19"><span class='ocrx_word' id='word_1_353' title='bbox 224 4607 273 4671; x_wconf 78' lang='grc' dir='ltr'>ἐπλ</span> <span class='ocrx_word' id='word_1_354' title='bbox 295 4619 349 4672; x_wconf 77' lang='grc' dir='ltr'>τοῦ</span> <span class='ocrx_word' id='word_1_355' title='bbox 373 4608 495 4690; x_wconf 76' lang='grc' dir='ltr'><strong><em>ἀγγείου</em></strong></span> <span class='ocrx_word' id='word_1_356' title='bbox 518 4610 607 4672; x_wconf 91' lang='lat' dir='ltr'>idem</span> <span class='ocrx_word' id='word_1_357' title='bbox 630 4611 828 4673; x_wconf 83' lang='lat' dir='ltr'>vocabulum</span> <span class='ocrx_word' id='word_1_358' title='bbox 853 4612 1058 4689; x_wconf 85' lang='lat' dir='ltr'>adhibuisse,</span> <span class='ocrx_word' id='word_1_359' title='bbox 1084 4614 1185 4674; x_wconf 88' lang='lat' dir='ltr'>etiam</span> <span class='ocrx_word' id='word_1_360' title='bbox 1206 4612 1239 4672; x_wconf 90' lang='lat' dir='ltr'>in</span> <span class='ocrx_word' id='word_1_361' title='bbox 1258 4612 1356 4672; x_wconf 91' lang='lat' dir='ltr'>huius</span> <span class='ocrx_word' id='word_1_362' title='bbox 1375 4612 1414 4671; x_wconf 82' lang='lat' dir='ltr'>ir.</span> <span class='ocrx_word' id='word_1_363' title='bbox 1436 4611 1508 4670; x_wconf 80' lang='grc' dir='ltr'>2Κ.</span> 
     </span>
     <span class='ocr_line' id='line_1_43' title="bbox 223 4712 1497 4791; baseline -0.001 -17"><span class='ocrx_word' id='word_1_364' title='bbox 223 4712 425 4775; x_wconf 83' lang='lat' dir='ltr'>obscoenum</span> <span class='ocrx_word' id='word_1_365' title='bbox 454 4713 567 4773; x_wconf 91' lang='lat' dir='ltr'>lusum</span> <span class='ocrx_word' id='word_1_366' title='bbox 593 4713 779 4788; x_wconf 90' lang='lat' dir='ltr'>suspicarer</span> <span class='ocrx_word' id='word_1_367' title='bbox 801 4717 935 4789; x_wconf 89' lang='lat' dir='ltr'>propter</span> <span class='ocrx_word' id='word_1_368' title='bbox 960 4713 1097 4774; x_wconf 91' lang='lat' dir='ltr'>verbum</span> <span class='ocrx_word' id='word_1_369' title='bbox 1121 4714 1315 4791; x_wconf 79' lang='grc' dir='ltr'><strong><em>βαλινεύειν,</em></strong></span> <span class='ocrx_word' id='word_1_370' title='bbox 1338 4729 1401 4788; x_wconf 91' lang='lat' dir='ltr'>quo</span> <span class='ocrx_word' id='word_1_371' title='bbox 1425 4713 1497 4773; x_wconf 91' lang='lat' dir='ltr'>iocu</span> 
     </span>
     <span class='ocr_line' id='line_1_44' title="bbox 223 4812 1509 4893; baseline -0.001 -18"><span class='ocrx_word' id='word_1_372' title='bbox 223 4814 338 4877; x_wconf 88' lang='lat' dir='ltr'>lariter</span> <span class='ocrx_word' id='word_1_373' title='bbox 371 4815 422 4876; x_wconf 93' lang='lat' dir='ltr'>uti</span> <span class='ocrx_word' id='word_1_374' title='bbox 455 4814 600 4890; x_wconf 89' lang='lat' dir='ltr'>potuerit</span> <span class='ocrx_word' id='word_1_375' title='bbox 630 4815 724 4888; x_wconf 86' lang='lat' dir='ltr'>quasi</span> <span class='ocrx_word' id='word_1_376' title='bbox 754 4814 851 4875; x_wconf 90' lang='lat' dir='ltr'>ducto</span> <span class='ocrx_word' id='word_1_377' title='bbox 875 4830 895 4875; x_wconf 90' lang='lat' dir='ltr'>a</span> <span class='ocrx_word' id='word_1_378' title='bbox 918 4813 1049 4893; x_wconf 80' lang='grc' dir='ltr'><strong><em>βάλανος</em></strong></span> <span class='ocrx_word' id='word_1_379' title='bbox 1081 4814 1236 4889; x_wconf 87' lang='lat' dir='ltr'>(glans).</span> <span class='ocrx_word' id='word_1_380' title='bbox 1268 4816 1313 4875; x_wconf 86' lang='lat' dir='ltr'>At</span> <span class='ocrx_word' id='word_1_381' title='bbox 1336 4812 1405 4874; x_wconf 88' lang='lat' dir='ltr'>fieri</span> <span class='ocrx_word' id='word_1_382' title='bbox 1430 4829 1509 4874; x_wconf 82' lang='lat' dir='ltr'>sone</span> 
     </span>
     <span class='ocr_line' id='line_1_45' title="bbox 223 4914 1508 4993; baseline -0.003 -15"><span class='ocrx_word' id='word_1_383' title='bbox 223 4918 348 4993; x_wconf 84' lang='lat' dir='ltr'>potest,</span> <span class='ocrx_word' id='word_1_384' title='bbox 374 4919 412 4976; x_wconf 94' lang='lat' dir='ltr'>ut</span> <span class='ocrx_word' id='word_1_385' title='bbox 433 4915 673 4991; x_wconf 89' lang='lat' dir='ltr'>grammaticus</span> <span class='ocrx_word' id='word_1_386' title='bbox 697 4931 774 4977; x_wconf 91' lang='lat' dir='ltr'>eum</span> <span class='ocrx_word' id='word_1_387' title='bbox 796 4915 906 4975; x_wconf 88' lang='lat' dir='ltr'>locum</span> <span class='ocrx_word' id='word_1_388' title='bbox 929 4930 995 4976; x_wconf 91' lang='lat' dir='ltr'>non</span> <span class='ocrx_word' id='word_1_389' title='bbox 1017 4914 1231 4976; x_wconf 90' lang='lat' dir='ltr'>intellexerit.</span> <span class='ocrx_word' id='word_1_390' title='bbox 1252 4916 1420 4990; x_wconf 83' lang='lat' dir='ltr'>Btaydesii</span> <span class='ocrx_word' id='word_1_391' title='bbox 1437 4930 1508 4975; x_wconf 87' lang='lat' dir='ltr'>con·</span> 
     </span>
    </p>
   </div>
   <div class='ocr_carea' id='block_1_4' title="bbox 0 0 1756 5512">
    <p class='ocr_par' dir='ltr' id='par_1_12' title="bbox 0 0 1756 5512">
     <span class='ocr_line' id='line_1_46' title="bbox 0 0 1756 5512; baseline 0 0"><span class='ocrx_word' id='word_1_392' title='bbox 0 0 1756 5512; x_wconf 95' lang='lat' dir='ltr'> </span> 
     </span>
    </p>
   </div>
  </div>
 </body>
</html>
