3502 5512
892 370 954 430 116

300 559 425 620 Jacobii
456 559 623 628 indicem).
654 557 842 633 Respondet
864 559 975 618 autem
1001 557 1107 619 altera
1129 574 1271 634 persona
1292 559 1321 618 τί
1341 559 1397 638 γάρ
1420 575 1452 619 σε
1474 558 1581 619 κωλύει

303 660 384 730 (soil.
415 659 642 739 διαρραγῆναι);
663 674 777 733 «ρααια
811 659 921 719 iocum
956 659 1117 720 Anaxilas
1150 659 1247 721 debet
1281 661 1494 736 Aristophani
1523 660 1579 735 Eq.

303 763 368 822 340
391 778 473 838 sqq.,
506 762 560 823 ubi
591 761 711 822 chorus
741 761 947 836 Agoracrito,
979 761 1034 834 qui
1059 760 1169 822 Cleoni
1193 761 1351 823 clamanti
1374 761 1455 838 οἴμαι
1477 760 1580 838 διαρ-

302 863 525 942 ραγήσομαι
560 863 750 938 imprudens
785 863 1000 938 responderat
1033 860 1084 922 καί
1118 862 1179 941 μήν
1214 858 1240 923 α’
1278 861 1335 943 ἐγὼ
1370 862 1407 925 οὐ
1441 861 1582 943 παρήσω,

302 965 500 1026 succlamat:

478 1065 570 1146 πάρες
592 1064 685 1143 πάρες
708 1062 783 1143 πρὸς
806 1073 865 1124 τῶν
890 1070 971 1125 θεῶν
995 1065 1075 1149 αὐτῷ
1100 1065 1379 1146 διαρραγῆναι.

301 1167 390 1229 Duos
419 1183 536 1229 versus
566 1170 755 1243 sequentes,
787 1166 859 1228 coll.
891 1167 930 1227 fr.
956 1168 1008 1243 31,
1034 1169 1053 1227 2
1077 1183 1137 1245 sq,
1168 1170 1235 1229 iam
1259 1169 1340 1230 olim
1364 1170 1477 1229 monui
1501 1169 1533 1229 h.
1557 1167 1579 1229 l.

301 1269 457 1331 delendos
480 1284 565 1331 esse.

257 1371 308 1432 Fr.
340 1373 394 1447 33,
428 1373 447 1431 2
479 1373 604 1431 temere
635 1369 793 1430 sollicitat
824 1370 883 1446 Bt,
915 1371 971 1445 qui
996 1386 1046 1432 vs.
1071 1373 1090 1431 3
1121 1387 1252 1433 mecum
1284 1373 1365 1447 legit
1390 1365 1580 1450 ἐγκαθή-

301 1493 397 1548 μενος.
423 1506 463 1516 -
488 1472 545 1532 Vs.
570 1474 600 1532 4.
634 1472 757 1532 Sanum
789 1472 919 1533 videtur
947 1471 1056 1550 παρόν,
1084 1473 1226 1534 tritici
1250 1489 1437 1548 granum.
1460 1473 1580 1534 Naberi

301 1574 508 1634 coniecturae
533 1570 624 1649 τυρόν
648 1572 704 1632 vix
728 1573 812 1632 satis
835 1587 1015 1648 congruum
1040 1578 1092 1635 eet
1115 1571 1209 1651 λίμμα
1232 1589 1281 1635 vs.
1307 1576 1336 1650 2,
1362 1574 1493 1647 etquid
1516 1574 1579 1634 sibi

301 1674 382 1735 velit
401 1674 566 1748 Blaydesii
585 1681 679 1752 γῦρον
697 1671 807 1744 (κενόν)
828 1673 911 1733 mihi
934 1675 1110 1736 obscurum
1134 1678 1196 1737 est.
1222 1709 1262 1721 -
1284 1677 1340 1736 Vs.
1363 1677 1392 1736 5.
1413 1670 1429 1733 d
1453 1668 1481 1733 d’
1506 1671 1580 1733 ἕτε-

245 1830 247 1834 ,
300 1795 365 1853 ρας
388 1775 512 1853 παχύς
532 1775 619 1834 idem
638 1775 710 1834 sine
729 1775 944 1851 necessitate,
970 1791 1047 1836 nam
1075 1776 1193 1838 dicitur
1219 1778 1357 1846 vermis,
1390 1791 1455 1837 uno
1478 1791 1579 1837 exeso

299 1892 415 1953 grano,
442 1891 553 1937 morsu
573 1879 727 1952 appetere
750 1875 864 1936 alium.

257 1978 308 2038 Fr.
335 1979 387 2038 35.
901 1974 951 2036 καί
974 1986 1038 2049 πῶς
1060 1978 1152 2058 γυνή,

566 2078 664 2156 ὥσπερ
687 2077 834 2154 θάλαττα,
857 2086 952 2155 νῆσον
975 2076 1192 2156 &portaturum

299 2181 455 2255 Logicum
478 2180 512 2241 in
537 2176 598 2241 boc
615 2182 686 2242 ioco
705 2182 838 2255 vitium,
859 2180 945 2255 quod
965 2181 1109 2242 advertit
1128 2181 1303 2256 editorem,
1325 2194 1441 2256 graece
1459 2179 1579 2241 melius

263 2336 265 2342 .
299 2282 424 2343 celatur
446 2297 545 2356 quam
569 2282 731 2342 celaretur
753 2283 788 2341 in
811 2281 934 2356 linguis
957 2282 1136 2359 hodiernis,
1161 2282 1238 2357 quia
1260 2278 1460 2358 ἀμφιέννυται
1478 2281 1580 2342 simul

299 2384 420 2460 duplici
451 2385 498 2460 vi,
530 2384 666 2459 passiva
695 2387 730 2444 et
760 2383 881 2459 media,
914 2384 1072 2459 iungitur.
1103 2383 1237 2443 Θάλαττα
1261 2391 1356 2461 νῆσον
1379 2379 1578 2460 ἀμφιέννυται

300 2487 463 2562 (passive),
493 2483 572 2564 γυνὴ
603 2507 629 2545 ν.
652 2482 680 2543 d.
713 2485 852 2555 (medie).
885 2485 1055 2561 Exemplis
1085 2487 1287 2547 comicorum
1318 2486 1349 2545 b.
1381 2485 1402 2546 l.
1432 2485 1581 2545 illustrat

299 2587 347 2647 Bl.
368 2603 439 2663 pag.
464 2589 536 2647 147.
553 2621 592 2630 -
606 2587 640 2646 Ε.
654 2587 770 2647 Plauto
788 2587 1031 2661 quadamtenus
1051 2588 1235 2662 comparari
1253 2586 1577 2662 potestblenaechm.

300 2689 361 2748 231
390 2689 426 2748 R.
453 2689 528 2764 An,
553 2689 675 2763 quasi
700 2703 831 2764 mare,
857 2689 994 2749 omnis
1018 2689 1252 2750 circuimus
1276 2688 1466 2749 insulae?

255 2790 306 2849 Fr.
332 2790 385 2850 36.
566 2786 602 2847 τὰ
625 2784 657 2848 δὲ
679 2782 768 2866 σφύρ’
793 2787 864 2872 ᾤδει
886 2793 999 2866 μᾶλλον
1021 2787 1041 2869 ἢ
1064 2788 1167 2861 σικυὸς
1190 2786 1302 2848 πέπων.

298 2891 466 2950 Incertum
502 2893 553 2950 est
586 2893 698 2950 utrum
730 2890 812 2951 haec
842 2890 941 2951 verba
970 2891 1009 2951 de
1040 2891 1218 2966 hydropico
1248 2890 1336 2951 dicta
1365 2890 1432 2951 sint
1464 2904 1506 2950 an
1538 2891 1578 2951 de

298 2991 419 3065 Oedipo
450 2991 484 3049 in
516 2991 685 3051 comoedia
715 2990 856 3051 fabulosi
886 2993 1089 3068 argumenti,
1122 2994 1160 3052 ut
1189 2990 1367 3051 Anaxilam
1394 2989 1507 3051 Circen
1545 2993 1579 3051 et

298 3091 516 3167 Calypsonem
540 3095 573 3152 et
596 3091 737 3153 fortasse
760 3091 902 3153 Nereum
926 3094 1098 3168 scripsisse
1123 3092 1356 3167 comperimus.
1380 3092 1451 3152 imo
1474 3091 1577 3153 etiam

297 3194 360 3255 dici
394 3195 572 3268 potuerunt
605 3192 645 3253 de
679 3192 817 3253 muliere
851 3194 962 3255 nescio
993 3210 1056 3269 qua
1090 3194 1264 3254 libidinosa
1298 3195 1429 3267 propter
1458 3195 1576 3254 notum

296 3295 505 3370 proverbium

563 3391 583 3472 ἡ
606 3393 646 3455 εδ)
669 3393 776 3472 σφνρώ
799 3400 906 3474 παχεῖα
929 3394 1038 3473 μισητὴ
1061 3395 1147 3475 γυνή.

296 3498 432 3558 Numeri
455 3512 520 3558 non
543 3496 678 3557 obstant
700 3496 877 3570 quominus
900 3498 1120 3573 suspicemur:

562 3596 610 3657 ιδ)
634 3593 665 3657 δὲ
690 3597 889 3681 σφυρῷδει
914 3595 970 3658 art.

295 3709 331 3761 ut
356 3698 553 3783 ἕγῳγόμην
576 3701 632 3760 Ar.
658 3699 741 3759 Eccl.
768 3701 842 3760 500.
868 3701 929 3761 Sed
954 3700 1097 3761 fortasse
1121 3700 1262 3760 seriores
1285 3697 1388 3757 Attici
1412 3697 1445 3755 in
1468 3696 1576 3757 dualis

295 3817 356 3863 usu
380 3802 514 3862 fuerunt
536 3802 649 3861 minus
672 3800 848 3874 diligentes
871 3817 969 3875 quam
995 3802 1207 3874 antiquiores.

250 3903 301 3963 Fr.
326 3904 379 3963 38.
402 3895 487 3979 τήνδ’
514 3917 571 3978 pro
595 3899 649 3977 τὴν
673 3915 805 3961 mecum
830 3902 982 3975 Blaydes.

250 4003 300 4063 Fr.
326 4005 379 4064 40.
558 3999 609 4061 καί
632 4001 730 4060 πίνειν
754 3999 783 4073 ἐξ
809 3999 980 4080 ἀργυρίδων
1004 4009 1130 4079 χρυσῶν.

295 4105 385 4164 Kock
419 4104 579 4178 ,fortasse
594 4099 660 4161 ,καί
687 4100 725 4178 δὴ
756 4102 920 4176 Meinelre3
954 4103 1066 4176 quidni
1092 4099 1142 4161 ιιαί
1166 4103 1254 4162 dri?”
1279 4100 1406 4161 Addere
1429 4101 1573 4175 possim:

293 4205 404 4278 quidni
432 4200 540 4264 ιιᾶδειί
569 4204 617 4263 Bl.
656 4200 706 4260 καί
745 4202 965 4278 <damtuna
994 4205 1031 4263 ut
1062 4207 1207 4264 metrum
1238 4203 1283 4261 sit
1313 4201 1574 4276 anapaesticum.

294 4305 380 4365 Certi
405 4306 486 4366 nihil
510 4305 550 4366 de
573 4304 704 4365 talibus.
719 4303 781 4363 dici
805 4307 924 4379 potest.

249 4408 299 4466 Fr.
325 4408 378 4467 41.
406 4409 466 4465 ΒΑ
491 4408 567 4482 408,
593 4407 612 4466 9
637 4409 671 4466 et
695 4405 829 4465 Suidas:

471 4505 711 4584 ἀντίκρισις·
736 4503 803 4564 ἀντί
826 4513 879 4565 τοῦ
904 4503 1070 4582 ἀπόκρισις.
1095 4505 1189 4577 οὕτως
1213 4503 1371 4575 Ἀναξίλας.

292 4610 341 4670 Er
360 4610 491 4670 Polluce
510 4609 554 4668 IV
577 4610 649 4683 113,
672 4623 769 4682 quem
791 4608 938 4681 neglexit
956 4608 1069 4684 editor,
1087 4610 1225 4683 apparet
1241 4607 1294 4681 agi
1310 4605 1349 4665 de
1361 4604 1576 4677 responsione

291 4714 440 4771 actorum
472 4712 505 4770 in
535 4726 648 4784 scena,
682 4724 747 4769 non
779 4709 888 4769 hercle
919 4711 952 4768 in
985 4710 1053 4770 vita
1083 4709 1286 4784 quotidiana,
1312 4705 1366 4765 ubi
1390 4719 1573 4778 numquam

290 4811 339 4872 sic
372 4812 434 4872 dici
470 4812 587 4886 potuit.
623 4811 705 4870 Rem
742 4811 808 4870 iam
844 4826 909 4870 non
940 4810 1079 4871 latuisse
1110 4811 1205 4870 video
1235 4810 1269 4868 L.
1301 4802 1504 4865 Diudoriium
1540 4806 1575 4866 in

238 4972 242 4978 .
290 4911 506 4974 Thesauros.
532 4927 573 4986 v,
597 4912 652 4985 qui
677 4914 790 4971 tamen
814 4912 939 4971 erravit
961 4926 1019 4986 pro
1043 4908 1199 4988 ἀπόκρισις
1219 4908 1387 4982 corrigens
1406 4902 1576 4984 ὑπόκρισις.
