3502 5512
810 401 872 462 179

172 581 222 642 Fr.
248 582 322 643 853.
356 581 465 642 Lectio
498 578 528 641 ἐκ
552 580 693 660 γεινόνων
718 584 910 659 neutiquam
934 583 1129 660 defenditur,
1162 589 1199 645 ut
1225 587 1320 661 putat
1343 585 1403 661 Bt,
1429 585 1497 645 Ari·

216 683 390 758 stephanis
424 683 505 744 locis
541 685 626 745 Plut.
662 686 737 762 435,
774 686 850 759 Lys.
876 687 952 761 701,
989 701 1126 760 quorum
1159 686 1289 746 diverse
1319 689 1372 746 est
1400 687 1497 761 ratio,

217 784 271 845 ubi
294 800 402 860 praep.
429 782 461 844 ἐκ
485 800 588 860 aeque
610 789 662 847 est
685 788 873 848 necessaria
897 791 995 860 atque
1019 787 1073 847 hie
1096 784 1136 845 ἐν.

173 886 223 946 Fr.
249 887 324 946 864.
348 887 492 948 Verbum
521 885 730 966 περιφράττειν
754 890 838 964 apud
864 888 1078 949 Plutarchum
1102 889 1186 949 satis
1209 890 1338 950 munire
1361 890 1500 950 arbitror

215 989 449 1049 correctionem
474 1004 584 1050 meam
607 990 814 1068 περίφραγμα,
840 1006 906 1063 qua
929 1006 970 1051 ne
993 993 1256 1051 commemorata
1278 991 1424 1066 quidem,
1452 991 1498 1050 Bl.

218 1091 347 1151 inutilia
370 1093 442 1151 tout
465 1093 488 1151 t.

174 1193 223 1251 Fr.
248 1194 324 1253 866.
348 1193 396 1253 Bl.
422 1191 617 1271 παρετρᾶφην
645 1189 755 1254 <dv>.

175 1295 224 1354 Fr.
250 1297 324 1355 871.
349 1294 481 1369 Corrige
506 1289 666 1373 ἕξηύρηκα.

174 1397 224 1456 Fr.
249 1399 324 1458 873.
348 1398 385 1456 In
409 1396 534 1458 scholio
557 1398 646 1457 recte
669 1395 718 1456 Bl.
744 1392 791 1454 ἐπὶ
817 1396 953 1480 Ληναίῳ.

174 1500 225 1560 Fr.
250 1501 324 1560 877.
357 1493 494 1576 ἕκάθηνὲ
529 1495 576 1557 eci
606 1497 717 1575 δίφρου
749 1497 845 1575 μήτηρ
876 1495 978 1558 τεκαὶ
1002 1495 1164 1578 παρθένιος.
1190 1501 1385 1574 Spectantes
1408 1518 1496 1576 pom·

216 1617 293 1676 pam
316 1603 475 1677 aliquam,
500 1603 537 1661 ut
560 1601 719 1676 suspicor,
745 1600 817 1661 coll.
842 1601 880 1660 fr.
905 1602 970 1661 494
995 1599 1086 1678 μικρὰ
1111 1596 1303 1676 Παναθήναι’
1331 1600 1434 1679 ἐπειδὴ
1459 1604 1488 1663 δι

217 1700 327 1781 ἀγορᾶς
346 1701 500 1780 ιοὲμποντοὶ
522 1718 569 1777 οε,
591 1701 745 1780 Μοσχίων,
767 1700 863 1779 μήτηρ
887 1699 964 1780 ἑώρα
978 1710 1029 1777 τῆς
1041 1701 1133 1780 κόρης
1157 1696 1207 1778 ἐφ’
1235 1701 1421 1780 ἅρματος,
1445 1705 1495 1764 ubi

217 1806 332 1865 malim
363 1798 414 1881 ἀφ’
445 1803 584 1882 ἅρματος.
616 1802 662 1864 cf.
694 1803 796 1864 etiam
820 1804 859 1864 fr.
885 1805 959 1879 558,
992 1804 1076 1879 quod
1104 1804 1182 1864 olim
1208 1820 1267 1878 ope
1291 1803 1496 1866 Cistellarlae

218 1907 232 1966 Ι
260 1908 287 1982 l,
312 1908 353 1966 91
379 1906 520 1981 explevi.

175 2008 224 2067 Fr.
251 2009 325 2069 879.
350 2005 425 2067 ἀλλὰ
446 2004 497 2066 καλ
520 2006 691 2085 χαμαιτύπη
713 2002 718 2081 Ι
738 2005 827 2084 κρίζει
851 2029 903 2078 τις.
934 2006 1035 2066 Addit
1053 2006 1246 2067 Eustaihius
1267 2005 1283 2066 ὅ
1303 2004 1362 2066 ἔστι
1382 2007 1498 2068 ποιόν

218 2132 284 2167 τινα
314 2100 387 2187 ἦχον
418 2106 560 2168 ἀποτελεῖ.
592 2108 679 2168 Fort.
710 2105 872 2183 πικρόν.
905 2108 1101 2168 Huiusmodi
1133 2108 1222 2168 enim
1251 2109 1375 2170 clamor
1405 2125 1499 2185 expe-

222 2213 331 2271 ctatur
354 2211 394 2271 ab
418 2211 502 2272 istis.

181 2311 230 2371 Fr.
257 2313 332 2373 882.
357 2312 499 2386 Blaydes
523 2309 577 2387 ὅλη
600 2308 656 2388 γὰρ
680 2309 744 2393 ᾅδει
773 2318 917 2372 (τοῦτο)
945 2308 977 2369 τὸ
1001 2308 1095 2369 κακὸν
1118 2305 1137 2387 ἡ
1161 2309 1254 2382 πόλις.

177 2413 227 2473 Fr.
253 2414 328 2474 883.
365 2414 532 2474 Menandri
566 2415 680 2473 tamen
714 2413 924 2486 verecundia,
961 2427 1060 2487 quam
1095 2411 1208 2472 laudat
1242 2414 1402 2489 Meineke,
1434 2430 1500 2474 non

220 2514 380 2575 deterruit
403 2515 450 2576 Bl.
484 2531 525 2575 ne
556 2512 703 2590 διεμήριζε
736 2529 852 2574 verum
883 2514 1028 2574 duceret.
1056 2512 1261 2574 Paucissima
1288 2516 1388 2576 verba
1421 2517 1501 2576 certi

217 2617 293 2690 quid
319 2615 525 2693 pronuntiari
549 2618 673 2676 vetant.

180 2718 230 2778 Fr.
256 2719 330 2779 884.
356 2718 443 2778 ταυτί
463 2711 489 2775 σ’
516 2718 564 2779 Bl.

175 2820 225 2879 Fr.
251 2821 325 2882 886.
351 2819 593 2880 Schneidewini
616 2819 838 2879 coniecturam
863 2818 978 2893 probat
1001 2818 1112 2879 Nauck
1136 2818 1208 2879 Mel.
1234 2819 1277 2879 VI
1300 2835 1331 2894 p.
1359 2820 1430 2879 127.

178 2921 228 2981 Fr.
255 2922 330 2982 887.
356 2922 404 2980 Bl.
431 2914 478 2979 εἶν’
504 2917 628 2998 ἄραντες
652 2922 704 2981 vel
729 2928 856 2997 (parum
879 2920 1101 2994 probabiliter)
1124 2915 1185 2979 ἀλλ’
1210 2918 1342 2999 ἄραντες.

176 3023 226 3081 Fr.
253 3023 327 3083 890.
353 3024 424 3083 Imo
448 3022 653 3101 γί<γ>νεται

174 3123 225 3183 Fr.
252 3125 326 3185 896.
351 3125 545 3185 Eustathius
571 3126 655 3186 1595
680 3127 764 3185 extr.
788 3123 869 3202 μύρα
891 3121 942 3183 καλ
965 3122 1098 3200 κρόμυον
1123 3125 1205 3199 (sic),
1235 3123 1266 3183 οἱ
1286 3122 1370 3182 τόιιοι
1395 3120 1427 3182 ἕν
1451 3115 1496 3195 οἷς

218 3223 294 3285 αὐτὰ
313 3216 398 3302 ἦσαν.
418 3225 496 3285 οὕτω
515 3223 566 3284 καλ
587 3223 770 3303 Μένανδρος
793 3222 977 3300 ἀναμενῶ
1001 3241 1047 3301 σε,
1070 3225 1158 3302 φησί,
1180 3223 1272 3304 πρὸς
1296 3221 1497 3284 τοῦλαιον.

218 3325 338 3387 Contra
367 3327 469 3388 schol.
495 3328 593 3388 Hom.
619 3328 675 3388 Od.
702 3329 732 3404 8,
759 3328 824 3388 260
857 3324 1049 3404 Μένανδρος·
1079 3324 1300 3403 ἀνάμεινόν
1331 3346 1372 3402 με
1396 3324 1495 3405 πρὸς

216 3424 363 3488 τοῦλαιον.
394 3429 509 3490 Procul
534 3429 632 3489 dubio
656 3428 868 3503 grammatici
892 3429 985 3490 unice
1009 3432 1163 3489 curantes
1187 3429 1375 3489 Atticorum
1399 3444 1495 3488 usum

216 3528 420 3603 significandi
449 3531 521 3591 fora
547 3530 675 3592 venalia
706 3530 866 3591 mercium
890 3530 1093 3605 nominibus,
1119 3530 1320 3590 veniendi
1345 3529 1495 3604 verbum,

216 3631 300 3691 unde
323 3646 484 3706 suspensa
502 3633 609 3693 fuerat
627 3631 838 3707 praepositio,
859 3632 977 3691 addere
987 3631 1219 3706 neglexerunt,
1240 3630 1496 3705 necquidquam

216 3731 382 3806 proficitur
404 3733 568 3807 Blaydesii
589 3735 777 3795 coniectura
795 3729 892 3810 παρὰ,
915 3734 1000 3805 quod
1022 3734 1074 3793 hic
1093 3747 1246 3807 graecum
1268 3748 1342 3795 esse
1361 3732 1497 3793 minime

216 3834 460 3897 demonstratur
488 3835 559 3895 loco
589 3836 671 3895 Rau.
698 3836 774 3911 194,
806 3833 860 3894 ubi
891 3837 979 3894 recte
1011 3837 1044 3894 et
1076 3833 1188 3894 ordine
1212 3834 1332 3907 legitur
1356 3831 1495 3909 donperre

216 3934 297 4013 παρὰ
316 3934 366 3994 τὸν
386 3936 524 3996 Αὑαίνου
544 3936 641 3996 λίθον.
663 3937 779 3997 Latine
798 3935 931 4010 quidem
951 3935 1077 4010 optime
1090 3934 1208 3995 dicitur
1229 3935 1332 4009 apud
1357 3935 1372 3993 f
1379 3950 1494 3995 orum

217 4052 274 4111 pro
306 4037 345 4096 in
376 4037 480 4113 foro,
516 4038 573 4098 sed
603 4038 642 4098 de
673 4038 759 4114 loco,
793 4036 848 4097 ubi
871 4036 948 4111 quid
976 4035 1026 4111 fit,
1060 4036 1167 4096 rarius
1190 4035 1278 4111 κατά,
1301 4034 1496 4111 plerumque

218 4134 249 4196 ἐν
284 4139 397 4199 Graeci
436 4139 606 4214 adhibent,
642 4140 771 4214 dicique
808 4138 893 4198 solet
923 4135 955 4196 ἒν
987 4141 1042 4220 (τῇ)
1079 4132 1188 4219 ἀγορᾷ,
1223 4133 1254 4194 ἐν
1288 4133 1429 4218 ruttulo),
1464 4132 1495 4194 ἕν

217 4248 256 4320 τῷ
298 4239 398 4323 μύρῳ,
434 4237 465 4298 ἒν
502 4244 562 4317 τοῖς
599 4240 753 4318 λαχάνοις,
787 4236 819 4298 ἕν
855 4249 893 4321 τῷ
932 4238 1004 4322 οἴνῳ
1039 4241 1102 4299 ete.
1141 4241 1203 4298 etc.
1240 4236 1409 4298 Probabile
1445 4240 1495 4296 est

218 4341 443 4417 Menandrum,
486 4342 557 4400 sive
599 4342 762 4402 Eustathii
804 4341 874 4401 slve
911 4340 1111 4401 scholiastae
1145 4340 1313 4413 sequimur
1347 4338 1495 4398 testimo·

216 4441 323 4516 nium,
348 4441 494 4502 dedisse:

573 4540 711 4619 ἀναμενῶ
739 4541 830 4606 (δὲ)
858 4557 890 4602 σε
913 4541 979 4613 (vel
1003 4535 1030 4599 σ’
1057 4538 1124 4618 tyto)

443 4640 570 4703 ἐλθόντα
594 4642 670 4723 πρὸς
693 4642 842 4704 τοῦλαιον.

217 4747 290 4804 aut:
786 4742 950 4821 ἀνάμεινον
974 4764 1009 4818 με
1040 4742 1130 4802 (σὺ)

579 4843 766 4910 <ἐλθόντα>
793 4845 867 4924 πρὸς
892 4841 1041 4905 τοῦλαιον.

216 4947 274 5006 aut
296 4945 418 5007 saltem
441 4945 563 5020 aliquid
587 4946 708 5008 simile.
