3502 5512
834 396 838 407 ,
871 334 932 393 116

285 517 367 578 haec
390 534 481 578 mea:
513 515 599 600 ε’λαιῷ
623 518 670 595 μή
693 539 727 576 τι
749 522 880 596 χρῆσθαι
903 512 990 595 μηδ’
1016 514 1129 599 ὄναρ,
1153 534 1231 579 nam
1258 518 1372 577 ΟΡΑΝ
1392 519 1426 578 et
1450 517 1565 577 ONAP

284 632 348 679 non
384 619 449 678 nisi
476 619 663 680 litterarum
693 619 806 680 ordine
833 619 998 681 differunt.
1022 619 1130 681 Homo
1154 619 1234 680 adeo
1257 619 1427 694 squalidus
1450 619 1563 678 estut

285 734 326 780 ne
354 719 389 778 in
411 721 550 780 somniis
572 720 718 796 quidem,
743 720 866 781 nedum
890 719 1047 795 vigilans,
1072 720 1143 781 oleo
1170 722 1294 781 utatur.
1320 720 1426 780 Minus
1450 720 1561 779 autern

285 819 424 881 feliciter
453 823 563 898 poeta,
593 837 674 882 usus
697 822 951 882 Anaxandridae
974 822 1046 882 loco
1069 821 1203 884 laudato
1227 824 1291 893 (34.
1316 825 1358 896 6),
1389 821 1442 881 hic
1465 819 1562 881 besti·

285 937 379 981 arum
409 923 598 983 nominibus
628 923 753 984 relictis
782 924 894 998 posuit
926 922 1094 1001 κσιίσμτσς,
1129 940 1193 998 qua
1228 940 1262 985 re
1297 924 1387 983 abuti
1423 921 1489 982 noli
1520 921 1560 981 ad

284 1022 526 1085 defendendum
549 1022 644 1103 ῥύπος
668 1026 702 1084 in
725 1040 774 1085 vs.
799 1027 830 1086 4.

241 1124 293 1185 Fr.
328 1125 377 1200 12,
410 1126 440 1187 8.
470 1119 570 1204 λάχαν’
603 1123 673 1186 ἄττα
704 1127 777 1187 sine
807 1127 1006 1187 necessitate
1032 1126 1081 1187 Bl.
1105 1131 1139 1188 61
1161 1128 1262 1188 simul
1284 1141 1424 1203 peccans
1447 1128 1562 1186 contra

284 1226 447 1286 comicum
478 1241 666 1288 sermonem
693 1233 753 1298 (vs.
779 1229 810 1298 9)
841 1227 989 1306 τρίβωνας
1013 1228 1076 1297 (vel
1100 1223 1242 1307 τριβώιι’)
1267 1223 1325 1305 ἠδ’
1352 1225 1504 1287 ἀλουσίαν.
1519 1259 1559 1269 -

284 1326 340 1387 Vs.
377 1328 415 1387 10
450 1328 574 1389 frustra
607 1330 779 1390 sollicitari
810 1330 919 1405 docui,
957 1331 1117 1405 probante
1152 1331 1183 1390 iu
1219 1330 1386 1390 Addendis
1421 1327 1560 1401 Koclrio,

284 1428 400 1489 multis
420 1430 620 1491 comicorum
639 1429 729 1490 locis.
751 1430 797 1490 01.
818 1431 919 1490 etiam
933 1431 1041 1490 Plauti
1061 1431 1270 1506 (Posidippiil
1287 1431 1490 1491 Menaechm.
1504 1429 1561 1488 77;

285 1532 494 1591 Iuventus
517 1546 665 1592 nomen
689 1531 794 1594 iecit
818 1532 1023 1593 Peniculo
1047 1533 1150 1593 mibi
1174 1535 1207 1593 et
1231 1531 1357 1607 Captiv.
1383 1532 1436 1592 67.
1461 1531 1562 1590 Novis

282 1634 395 1693 tamen
419 1632 534 1693 deinde
558 1635 757 1695 commentis
779 1633 923 1694 tentavit
946 1633 993 1695 Bl.

240 1733 290 1793 Fr.
317 1735 368 1810 14,
394 1735 424 1795 4.
448 1733 580 1796 Revoca
602 1733 720 1794 οὕνεκα.
742 1769 782 1779 -
806 1735 855 1796 Bl.
879 1738 988 1796 tentat
1011 1736 1173 1810 quaedam
1197 1737 1231 1796 in
1254 1735 1293 1797 ir.
1321 1737 1361 1796 15
1385 1736 1419 1794 et
1445 1735 1494 1794 16.

240 1931 421 2014 Epicratis
444 1934 483 1995 ir.
512 1936 538 1995 1.

463 2034 656 2094 δεδειπνάναι
678 2033 734 2114 γὰρ
757 2034 865 2115 ἄνδρες
888 2032 1083 2114 εὐκαίρως
1107 2035 1189 2096 πάνυ
1212 2033 1339 2095 δοκοῦσί
1359 2055 1418 2111 μοι.

285 2136 385 2197 Recte
415 2137 464 2198 Bi.
495 2138 631 2213 requirit
660 2137 854 2198 adverbium
879 2137 1141 2198 abundanter
1163 2134 1363 2212 significans.
1388 2135 1480 2195 idem
1503 2149 1564 2208 ego

286 2238 458 2313 postulans
488 2239 611 2299 dudum
643 2239 767 2300 conieci
798 2237 993 2317 εὐπόρως,
1023 2238 1095 2300 coll.
1124 2239 1224 2299 Thnc.
1249 2237 1327 2297 VIII
1351 2238 1393 2297 36
1417 2235 1449 2296 oi
1470 2237 1565 2295 Πελο-

285 2339 444 2417 ποννήσιοι
478 2340 656 2418 εὺπόρως
692 2338 733 2399 ἔτι
767 2331 846 2418 εἶχον
879 2337 997 2398 ἅπαντα
1028 2337 1063 2398 τὰ
1091 2337 1166 2399 κατὰ
1196 2338 1229 2399 τὸ
1261 2336 1469 2419 στρατόπεδον.
1501 2336 1564 2397 Sed

286 2440 418 2501 brevius
449 2445 503 2503 est
532 2442 759 2516 fragmentum
794 2456 894 2516 quarn
929 2441 1013 2516 quod
1048 2443 1239 2516 corruptum
1274 2455 1347 2501 esse
1381 2455 1440 2514 pro
1474 2439 1564 2499 certo

285 2545 485 2603 statuamus.

243 2644 294 2704 Fr.
328 2644 357 2704 2.
390 2645 421 2704 3.
446 2643 502 2704 Vs.
535 2645 566 2704 6.
590 2639 690 2722 ὁρῶσα
720 2642 769 2703 Bl.
802 2642 841 2702 de
872 2657 934 2702 usu
966 2641 1055 2703 verbi
1090 2640 1210 2721 βλέπειν
1240 2642 1396 2704 similiter
1426 2639 1567 2702 adhibiti

288 2744 343 2805 cit.
368 2745 449 2805 Acir.
474 2745 538 2805 376
570 2747 603 2805 61
634 2744 763 2805 Alexid.
788 2744 836 2802 ΙΙΙ
860 2744 935 2804 426.
956 2777 996 2786 -
1019 2745 1074 2805 Vs.
1100 2746 1130 2806 7.
1155 2742 1386 2805 Μ6111ταοτό
1411 2764 1476 2819 μοι,
1499 2756 1564 2802 non

288 2861 362 2920 ego,
387 2861 466 2906 narn
486 2846 563 2907 duo
583 2848 747 2920 secuntur,
768 2860 851 2919 qnae
870 2845 946 2905 Lais
966 2847 1156 2906 communia
1176 2846 1275 2906 habet
1294 2860 1369 2906 cum
1383 2843 1565 2919 aquilis.—

288 2946 344 3007 Vs.
372 2947 402 3007 8.
434 2945 541 3018 αἰιτσῑς
571 2948 660 3007 recte
691 2945 813 3007 Nauck.
846 2945 892 3007 01.
923 2942 1110 3009 1161616111.1
1134 2948 1186 3023 33,
1212 2950 1242 3008 5.
1269 2980 1308 2990 -
1334 2945 1390 3007 Vs.
1425 2947 1476 3005 11.
1515 2944 1564 3004 Bl.

288 3044 482 3124 1111111111οη,
512 3055 570 3106 τῶν
600 3051 734 3108 (0661»
770 3050 802 3108 61
833 3063 882 3108 vs.
917 3049 957 3108 10
981 3064 1039 3123 pro
1069 3040 1136 3124 οὖν,
1162 3049 1246 3122 quod
1278 3048 1347 3109 cod.
1372 3049 1401 3107 Α
1425 3045 1564 3120 omittit,

287 3148 419 3225 supplet
441 3139 480 3208 αὖ
504 3152 563 3210 aut
584 3145 623 3208 dv
644 3152 703 3209 aut
725 3148 761 3209 οὐ
786 3164 860 3209 cum
881 3151 1150 3226 interrogatione,
1173 3150 1351 3224 exquibus
1371 3147 1568 3210 coniecturis

287 3249 405 3309 ultima
428 3252 560 3325 propter
582 3251 768 3324 negationis
786 3249 896 3311 locum
919 3266 1054 3325 prorsus
1076 3251 1155 3312 terri
1178 3253 1305 3327 nequit,
1333 3250 1477 3325 reliquae
1501 3262 1566 3308 non

287 3351 441 3412 meliores
472 3355 551 3413 sunt
585 3352 791 3412 Meinekiana
825 3360 890 3412 νῦν.
926 3352 1007 3414 Cum
1043 3353 1091 3414 Bl.
1129 3370 1177 3415 vs.
1217 3355 1256 3414 15
1289 3352 1406 3413 malim
1438 3343 1476 3410 ὅτ’
1508 3364 1566 3425 pro

289 3447 379 3511 ὁπότ’.
405 3488 444 3497 -
470 3454 525 3514 Vs.
559 3454 610 3514 20.
642 3453 810 3515 Violenter
833 3454 994 3515 Headlam
1018 3453 1130 3513 θᾶττόν
1161 3448 1212 3514 ἐστ’
1246 3451 1265 3532 ἢ
1295 3453 1476 3530 καταμύσαι,
1507 3450 1566 3520 (Bl.

288 3552 415 3637 ῥᾷστον).
435 3555 542 3617 'Ieneo
563 3558 708 3616 veterem
729 3570 839 3616 meam
858 3556 1079 3617 conIecturam
1096 3556 1305 3616 lenissimam
1321 3551 1430 3638 11116νῆ
1443 3553 1565 3613 πτύσαι;

289 3654 364 3715 ἰδεῖν
386 3662 606 3732 praegnanter
627 3657 753 3717 dictum
776 3658 816 3718 de
840 3658 1074 3718 consuetudine
1094 3659 1269 3734 amatoria,
1294 3660 1332 3718 ut
1351 3672 1399 3718 vs.
1423 3657 1461 3717 17
1483 3647 1567 3726 εἶδες.

289 3758 339 3818 Ad
363 3757 473 3816 πτύσαι
496 3758 531 3818 0.
556 3757 690 3818 drusius
721 3757 776 3818 cit.
804 3758 939 3819 Plannd.
970 3760 1119 3833 proverb.
1146 3760 1209 3819 214
1242 3766 1371 3818 τοσαῦτα
1405 3757 1519 3818 πτύιι
1550 3751 1566 3815 ὁ

290 3859 414 3934 δοῦλος,
450 3856 505 3917 ὅσα
534 3858 674 3936 βούλεται
705 3854 721 3917 ὁ
751 3858 905 3936 δεσπότης.
928 3892 972 3902 -
1002 3860 1052 3920 Ad
1087 3877 1136 3921 vs.
1171 3861 1211 3921 18
1243 3861 1291 3922 Bl.
1327 3860 1476 3937 apposite
1510 3857 1566 3919 oft.

291 3959 440 4020 Alexidis
464 3959 502 4020 fr.
528 3959 602 4018 229.
625 3993 664 4002 -
689 3960 744 4020 Vs.
770 3961 822 4020 21.
846 3957 991 4037 πετομένη
1016 3961 1156 4023 feliciter
1179 3963 1280 4023 Koclr.

245 4064 296 4123 Fr.
321 4064 351 4137 5,
376 4063 406 4121 6.
431 4064 531 4139 θιγεῖν
553 4074 611 4134 pro
635 4064 742 4139 φαγεῖν
765 4065 892 4122 temere
915 4061 1066 4135 Blaydes.

244 4164 295 4224 Fr.
321 4164 341 4222 6
365 4177 437 4222 esse
462 4162 745 4236 paratragoediam
776 4162 893 4223 docent
916 4163 1074 4223 vocabula
1097 4163 1333 4224 allocutiones
1356 4178 1421 4224 non
1445 4162 1567 4223 atticae

289 4261 433 4342 ἄρταμος,
471 4258 591 4337 ὄπωπα,
632 4261 727 4340 πυρὸς
766 4260 874 4340 ἀκμαῖς
912 4260 1095 4341 ἠνθισμένα,
1126 4265 1196 4325 sive
1231 4266 1340 4339 potius
1375 4261 1455 4347 ἀκμῇ
1484 4258 1568 4340 ’ξηι-

289 4361 433 4442 θισμένα,
456 4367 493 4424 ut
516 4365 659 4426 correxit
682 4365 729 4425 Bl.
754 4365 826 4426 coll.
850 4366 930 4426 Acir.
954 4367 1037 4426 1047
1059 4370 1093 4426 61
1112 4366 1250 4427 Philem.
1270 4366 1314 4426 IV
1335 4367 1377 4427 26
1397 4366 1438 4426 Μ.
1457 4365 1567 4426 Etiam

290 4470 461 4544 καυχᾶσθαι
491 4467 701 4527 rarissimum
732 4471 783 4528 est
811 4468 845 4526 in
874 4468 1052 4527 comoedia.
1083 4468 1174 4528 Idem
1208 4467 1294 4528 valet
1326 4468 1365 4529 de
1392 4467 1431 4528 ir.
1456 4467 1486 4543 8,
1512 4468 1568 4527 ubi

291 4586 338 4630 vs
354 4571 371 4628 2
393 4567 620 4646 σιδηρότευκτον
640 4567 765 4628 ἐναλίων
785 4574 892 4646 θηρῶν
911 4567 995 4647 βέλος
1019 4571 1163 4644 tragicae
1183 4571 1234 4630 est
1253 4570 1566 4646 grandiloquentiae.

245 4674 296 4732 Fr.
322 4674 352 4745 7,
381 4674 408 4732 1.
432 4675 597 4749 λυχνοῦχον
625 4669 802 4733 <τοστοι1>
829 4672 889 4748 Bl.‚
914 4671 998 4745 quod
1021 4672 1291 4733 incertissimum.

248 4777 298 4835 Fr.
323 4776 373 4851 10,
402 4777 429 4834 1.
566 4772 786 4851 κατάβαλλε
810 4770 946 4846 τάκάτια,
968 4770 1018 4831 καὶ
1042 4773 1204 4832 nullasu

513 4874 601 4953 αἴρου
624 4872 659 4934 τὰ
682 4874 783 4951 μείζω,
806 4871 861 4933 nrt.
