3502 5512
821 371 882 430 165

228 560 466 620 Revocaverim
498 561 598 635 igitur
628 561 784 623 librorum
816 563 1027 639 scripturam,
1053 566 1223 640 explicans
1248 567 1415 626 ordinis
1438 577 1505 639 qur

230 661 346 721 nullo
370 662 461 722 loco
486 663 669 738 ponitur,
693 664 714 724 i.
739 677 767 724 e.
792 664 979 740 despicitur,
1005 665 1075 726 scil.
1101 668 1341 741 pauperiorum.

186 761 235 821 i'r.
261 763 335 837 407,
365 768 391 823 1.
417 762 542 838 Nauck,
575 764 645 824 Mel.
670 764 714 822 VI
734 780 763 838 p.
788 766 850 824 113
875 761 907 823 έν
931 765 983 847 βίᾳ
1007 768 1076 836 (sict
1107 784 1164 842 pro
1192 779 1230 850 τῷ
1255 767 1318 850 βίῳ.
1344 768 1394 826 An
1415 770 1506 841 typo·

229 879 303 923 rum
324 864 404 924 vitio
428 881 486 939 pro
513 861 544 923 ἐν
567 865 647 948 bip?
675 864 721 925 01.
742 865 918 925 Themistii
942 865 1046 943 locus,
1072 884 1169 942 quem
1194 870 1292 929 affert
1315 869 1415 928 Kock.
1437 868 1507 927 Hoc

228 964 347 1038 placet.
373 1001 413 1009 —
437 967 620 1027 Themistio
643 971 677 1028 et
701 967 877 1028 Menandro
900 965 1098 1045 παραπέφυκε
1122 971 1229 1031 reddit
1251 972 1298 1030 Bl.

186 1065 236 1125 Fr.
261 1067 336 1127 409.
361 1068 475 1128 Koclrii
506 1084 582 1130 cum
606 1069 720 1129 eodem
745 1068 844 1143 probo
868 1071 1120 1146 correctionem,
1146 1073 1192 1132 ita
1215 1077 1327 1132 tamon
1353 1075 1390 1131 ut
1413 1088 1461 1132 vs.
1486 1072 1505 1129 2

229 1169 393 1241 requiram
429 1163 494 1230 ὥστ’
529 1166 593 1247 έμέ
630 1169 671 1246 μὴ
703 1175 795 1244 πιεῖν,
826 1171 936 1231 addito
959 1174 1165 1250 pronomine,
1192 1173 1276 1247 quod
1306 1173 1334 1232 si
1359 1173 1504 1245 abesset,

230 1269 329 1329 verba
352 1269 425 1330 dicte
447 1269 487 1349 μὴ
510 1276 590 1330 πιεῖν
614 1272 801 1332 necessario
831 1274 945 1332 contra
968 1275 1169 1333 senientiam
1194 1276 1233 1334 ad
1258 1275 1364 1348 ipsam
1389 1272 1504 1347 crouy-

229 1369 281 1430 len
306 1372 476 1433 referenda
499 1373 616 1433 forent.
641 1371 727 1431 Olim
751 1373 875 1433 monui.
1382 1389 1386 1397 ·

188 1471 236 1530 31.
260 1473 335 1531 413.
360 1474 397 1532 In
421 1472 552 1534 Caecilii
574 1473 644 1534 loco
670 1489 745 1533 vere
769 1473 930 1533 Headlam
959 1476 1116 1535 correxit:
1142 1491 1228 1535 nono
1256 1486 1455 1547 <quo>que

187 1573 237 1631 Fr.
266 1576 329 1633 417
344 1590 372 1634 a.
398 1575 445 1635 Bl.
470 1572 504 1633 ui
527 1590 584 1651 pro
607 1571 639 1633 τὸ
662 1574 808 1646 requirit.

187 1674 237 1733 Fr.
262 1674 336 1735 419.
361 1677 549 1751 Legendum
573 1692 622 1736 vs,
650 1677 665 1735 1
692 1671 723 1734 u
746 1692 804 1750 pro
829 1669 856 1734 δ’
882 1667 916 1735 εὖ
940 1692 1015 1736 cum
1035 1678 1236 1738 Jernstedtio
1257 1680 1290 1737 et
1311 1693 1358 1735 vs.
1374 1676 1392 1734 2
1411 1674 1506 1752 μόνον

231 1791 286 1849 pro
309 1774 363 1853 μέν
387 1794 462 1838 cum
486 1777 640 1838 Nauckio.
665 1776 845 1837 infeliciter
868 1776 916 1838 Bl.
937 1771 1057 1856 πρᾶγμ’.
1081 1779 1127 1839 Ut
1149 1780 1275 1839 Latinis
1298 1779 1507 1851 imperata

230 1877 383 1953 facere,
416 1879 464 1943 ita
486 1879 619 1939 Graecis
642 1882 739 1937 ποιεῖν
761 1876 796 1936 τὰ
819 1877 996 1955 κελευόμενα
1017 1877 1060 1950 (τὸ
1082 1878 1289 1956 κελευόμενον)
1321 1878 1505 1939 familiaris·

230 1979 317 2038 sima
339 1983 390 2040 est
413 1980 564 2041 formula.

187 2081 237 2140 Fr.
262 2080 337 2155 421,
363 2082 393 2141 2.
429 2081 570 2156 Maligne
600 2080 691 2141 Kock
722 2081 853 2141 reticuit
883 2096 938 2141 me
969 2082 1016 2141 ita
1047 2082 1226 2142 coniecisse
1257 2081 1505 2155 0111111190,

230 2180 349 2242 collato
370 2198 417 2243 va.
434 2182 568 2259 Galliae,
590 2198 687 2256 quem
709 2182 923 2243 Menandrum
944 2183 1115 2243 imitatum
1135 2197 1209 2243 esse
1228 2184 1368 2243 constat.
1388 2183 1508 2241 Postea

232 2281 340 2341 addidi
370 2282 483 2343 Galeni
510 2284 616 2345 locum
643 2284 674 2342 Il
698 2286 740 2344 56
772 2285 821 2344 ed.
854 2284 952 2344 Kuhn
976 2280 1016 2354 ὡς
1039 2279 1057 2359 ἡ
1081 2281 1227 2360 παροιμία
1250 2282 1341 2360 φησί,
1374 2303 1506 2359 μαινο-

232 2381 366 2458 μένοις
397 2380 637 2462 ἀναγκασθέντες
668 2392 936 2461 συμμανῆναι.
973 2384 1084 2444 Nauck
1116 2384 1285 2459 proposuit
1321 2379 1349 2442 δ’
1383 2375 1506 2442 lvatt'

231 2479 290 2560 ἡδύ
314 2485 410 2554 (unde
441 2485 489 2546 Bl.
521 2487 602 2547 Add.
634 2502 664 2561 p.
690 2487 753 2546 341
786 2485 835 2545 δεῖ
858 2483 974 2560 Ἀνίου),
1012 2485 1084 2546 coll.
1118 2486 1261 2545 Senecae
1291 2486 1375 2561 loco,
1409 2499 1505 2557 quem

231 2586 327 2645 affert
358 2586 459 2646 Kock.
486 2585 578 2648 <Τὸν
601 2586 774 2663 pappole>
802 2602 867 2647 non
899 2601 1012 2647 meum
1046 2587 1313 2661 supplementum
1339 2588 1403 2661 est,
1429 2589 1466 2644 ut
1490 2600 1507 2644 e

232 2686 347 2746 Koclrii
373 2687 481 2747 verbis
504 2687 664 2764 efficeres,
693 2689 750 2749 sed
773 2687 902 2749 Nabari.

188 2787 338 2848 11425.
377 2787 484 2865 Varie,
520 2789 577 2849 sed
600 2805 717 2864 parum
748 2790 896 2864 feliciter,
928 2790 1037 2850 tentat
1061 2789 1123 2864 Bl,
1156 2804 1217 2849 nec
1246 2788 1427 2848 audiendus
1456 2788 1508 2847 est

233 2889 319 2948 idem
344 2888 384 2948 ad
409 2890 447 2950 fr.
479 2891 553 2950 428.

189 2991 239 3050 Fr.
265 2991 340 3049 430.
373 2991 463 3050 Kock
494 2992 592 3052 verba
621 2993 669 3052 sic
700 2992 850 3052 dividens
881 2992 982 3052 citare
1013 2990 1169 3051 debuerat
1200 2990 1363 3050 Naberum
1389 2990 1507 3048 Mnem.

232 3090 310 3149 Vili
337 3091 409 3151 125.

189 3193 240 3252 Fr.
264 3193 338 3267 431,
364 3194 394 3253 4.
419 3191 465 3252 cf.
490 3193 528 3253 11.
553 3195 628 3268 531,
654 3194 672 3253 ‘l
698 3209 746 3267 sq.
772 3193 825 3253 Va.
847 3208 950 3254 sanus
972 3194 1101 3253 videtur
1122 3209 1180 3253 nec
1200 3193 1382 3252 audiendus
1402 3190 1507 3265 Kock,

232 3294 326 3355 cuius
356 3295 543 3355 coniectura
566 3293 698 3372 οὐρανόν
721 3310 778 3369 pro
801 3292 904 3355 κοινόν
924 3296 1082 3355 vitiosum
1102 3295 1202 3354 infert
1220 3296 1450 3368 anapaestum,
1477 3293 1510 3352 et

233 3395 322 3456 omni
358 3395 586 3471 probabilitate
622 3398 712 3456 caret
743 3395 908 3469 Blaydesii
938 3396 1083 3470 suspicio
1113 3396 1200 3455 idem
1232 3394 1426 3455 vocabulum
1451 3406 1509 3469 pro

234 3491 325 3574 ἄστρ’,
356 3495 438 3574 ὕδωρ
473 3497 718 3558 substituentis.
744 3531 783 3540 -
818 3498 873 3558 Vs.
909 3498 958 3557 11.
992 3493 1031 3554 ἂν
1062 3492 1127 3577 πρῲ
1159 3490 1185 3554 δ’
1224 3492 1358 3578 ἀπέλθῃς
1393 3495 1441 3554 Bl.
1468 3527 1508 3537 —

234 3598 289 3658 Vs.
307 3599 355 3658 13.
376 3598 538 3675 σκορπίσας
557 3599 652 3672 Ellis;
671 3600 792 3660 melius
809 3598 955 3670 κοπιάσας
974 3598 1134 3673 Meinelre,
1154 3598 1238 3671 quod
1258 3597 1335 3672 quia
1354 3610 1372 3652 α
1392 3596 1510 3669 corripi

234 3715 299 3762 non
328 3701 449 3776 potuit,
481 3716 624 3774 sequens
654 3697 787 3759 ἀπώλεσε
817 3702 851 3761 in
881 3698 996 3775 ἔφθασε
1025 3699 1189 3773 quondam
1215 3695 1424 3772 retingebam.
1449 3696 1506 3756 Me·

234 3803 348 3863 nandri
365 3797 564 3885 Ῥαπιζομένῃ
588 3818 605 3862 e
629 3801 748 3862 Lexico
773 3801 957 3862 Sabbaitico
981 3817 1011 3875 p.
1039 3801 1089 3876 18,
1118 3803 1156 3860 10
1182 3800 1338 3860 accessit:

1033 3901 1089 3961 οὐκ
1112 3900 1244 3978 έμβαρον

368 4007 399 4063 Β.
423 4005 452 4064 τί
473 4010 541 4080 (pro
565 4004 590 4064 εἰ
614 4005 715 4075 Kock)
740 4003 884 4083 έμβαρος;
906 4001 1056 4085 ἀοχᾳσμὸς
1079 3995 1167 4073 οὗτος
1192 4000 1342 4080 ῥημάτων.

235 4107 281 4167 Cf.
308 4106 392 4167 infra
415 4107 454 4166 11.
480 4108 554 4167 502.

192 4210 242 4268 F'r.
267 4210 342 4282 447,
372 4211 398 4268 l.
490 4205 587 4286 ὁρῶν
610 4230 636 4267 τι
659 4209 819 4285 βουλεῦσαι
844 4204 918 4266 κατὰ
941 4204 1052 4266 σαυτὸν
1075 4205 1242 4284 γενόμενος·
1266 4202 1322 4264 κτὲ.

236 4310 365 4383 Optime
388 4310 500 4370 Nauck
522 4307 627 4384 ἐρῶν.
651 4311 698 4369 Bl.
724 4310 864 4385 probans
884 4308 999 4369 Kockii
1022 4304 1144 4382 ἀπορῶν
1163 4320 1226 4366 non
1247 4307 1325 4381 legit
1345 4306 1510 4379 egregiam

235 4411 371 4471 Nauckii
391 4412 462 4471 Mel.
487 4412 531 4469 Vi
558 4415 619 4473 155
640 4412 896 4487 disputationem
916 4413 1032 4470 contra
1051 4409 1156 4485 illam,
1175 4424 1269 4468 suam
1291 4407 1511 4468 coniecturam

236 4514 499 4574 commendantis
523 4515 689 4574 Isocrateo
709 4512 780 4573 loco
800 4511 971 4572 simillimo
992 4511 1006 4569 Ι
1026 4513 1065 4570 41
1088 4519 1149 4568 πᾶν
1173 4507 1189 4568 5
1208 4532 1233 4568 τι
1258 4505 1295 4567 ἂν
1319 4506 1409 4590 μέλλῃ
1435 4505 1512 4585 ἐμεῖν

234 4615 378 4694 πρότερον
402 4612 555 4674 ἐπισκόπει
578 4624 613 4698 πμ·
636 4614 748 4696 γνώμῃ.
773 4616 806 4674 Si
830 4629 894 4688 qua
917 4613 982 4674 alia
1007 4614 1207 4687 coniectura,
1234 4611 1314 4672 haec
1337 4613 1427 4671 certa
1450 4614 1511 4671 est.

191 4720 242 4779 i'r.
268 4720 342 4794 460,
369 4719 398 4778 2.
435 4717 591 4791 Apposite
615 4717 650 4777 B.
684 4717 738 4777 cit.
772 4716 931 4790 Theopbr.
968 4713 1062 4775 (thar.
1095 4714 1152 4773 13
1188 4709 1223 4771 τὰ
1257 4707 1311 4789 μὲν
1346 4709 1513 4786 σκέψεσθαι

236 4819 371 4894 φάσκειν.
397 4853 437 4862 -
461 4818 517 4878 Vs,
545 4821 574 4878 5.
610 4818 784 4893 Perperam
817 4817 903 4876 idem
934 4820 989 4875 θεῖ
1014 4831 1071 4892 pro
1094 4812 1142 4892 ῥεῖ
1161 4817 1194 4876 et
1217 4815 1250 4874 in
1274 4813 1370 4874 Add.
1395 4829 1425 4888 p.
1447 4814 1510 4873 841

236 4922 328 4983 nulla
349 4921 547 4982 necessitate
570 4916 619 4978 καῖ
642 4935 700 4994 pro
722 4914 750 4996 ἢ.
