3502 5512
821 358 883 417 152

191 541 242 602 Fr.
267 542 320 602 76.
344 536 398 613 θὲς
422 556 479 618 pro
501 535 555 600 ἕλκ’
581 541 654 603 sine
673 556 774 602 eausa
794 541 841 603 Bl.
862 542 908 604 Gi.
929 558 960 604 ν.
977 558 1004 604 c.
1025 543 1193 604 Menandri
1211 543 1249 603 ir.
1271 543 1346 617 327,
1370 542 1398 600 1.
1419 539 1513 600 Idem

236 639 363 720 ἐμβάλω.

190 743 241 804 Fr.
268 745 319 805 77.
345 743 427 806 Cum
449 745 498 806 Bl.
523 744 622 821 probo
645 744 803 821 Stephani
829 748 1065 807 correctionem
1090 743 1234 824 ἐηήνιοας.
1265 744 1399 806 Nullum
1424 756 1515 816 prae·

234 845 355 906 sidium
391 861 464 907 esse
494 846 527 906 in
559 849 748 922 oomparato
772 862 793 907 a
816 847 940 908 Koolrio
970 847 1137 921 σιφννάζττν
1167 847 1249 907 bene
1272 844 1440 905 intellexit
1462 842 1514 902 Bl.

234 946 318 1007 Nom
338 947 476 1024 χηνίζειν,
498 947 584 1021 quod
609 949 660 1008 est
690 948 819 1023 proprie
843 948 1012 1008 anseris
1044 950 1213 1009 cantum
1241 946 1425 1020 imitari,
1451 943 1514 1005 ior·

235 1050 364 1108 matum
388 1051 440 1109 est
462 1051 499 1109 ut
521 1047 708 1123 λακωνίζειν,
730 1044 903 1124 ἀττικίζειν,
923 1050 986 1110 etc.

190 1148 241 1211 Fr.
266 1150 318 1224 80,
347 1150 373 1210 1.
410 1149 536 1226 βατιάκη
567 1148 653 1210 male
683 1149 843 1210 sollicitat
873 1150 921 1210 Bl.
952 1150 1102 1212 Recurrit
1125 1164 1201 1210 cum
1224 1147 1302 1209 alibi
1325 1146 1411 1222 apud
1435 1146 1516 1206 scri·

234 1252 345 1326 ptores
375 1254 446 1311 turn
478 1252 512 1310 in
539 1250 636 1311 titulo
656 1249 739 1311 BCH
765 1250 862 1327 1890,
887 1253 962 1311 412.
987 1284 1025 1292 -
1043 1251 1133 1312 Vs2
1159 1241 1313 1328 τετράκοδ
1339 1244 1398 1324 ἤδη
1423 1240 1513 1305 ταῦθ’

235 1347 322 1433 opum
345 1351 449 1428 Koclr,
475 1353 533 1414 sed
553 1352 705 1427 displicet
723 1349 791 1429 ἤδη.
812 1351 888 1414 God.
915 1357 943 1411 A
966 1352 1101 1413 exhibet
1124 1348 1330 1429 ἀνδραπόδων
1354 1347 1408 1425 δή,
1431 1362 1516 1422 quae

232 1452 395 1528 particula
417 1455 622 1529 expectatur.
646 1452 781 1513 Rectius
800 1453 901 1529 igitur
921 1453 969 1513 Bl.
990 1451 1155 1530 τετράποδα
1175 1450 1213 1528 δὴ
1232 1445 1311 1511 ταῦτ’
1331 1445 1409 1527 ἔσθ’,
1428 1445 1516 1532 ὁρᾷς

233 1554 326 1613 cuius
367 1553 493 1627 reliqua
530 1555 717 1615 tentamina
758 1555 892 1616 silentio
923 1569 1072 1631 premere
1106 1556 1262 1630 praestat.
1299 1553 1361 1614 Sed
1396 1566 1516 1628 parum

233 1653 386 1715 credibile
416 1657 548 1729 propter
577 1670 681 1716 unum
712 1653 898 1734 rpaytlapov
922 1658 1077 1730 quattuor
1100 1655 1158 1716 illa
1180 1655 1372 1731 poculorum
1396 1667 1519 1728 genera

232 1755 447 1830 quadripedes
483 1757 606 1832 vocari,
639 1758 751 1832 itaque
781 1758 924 1818 fortasse
952 1757 1041 1818 aliud
1072 1757 1148 1831 quid
1179 1757 1265 1817 celat
1295 1754 1519 1835 ἀνδραπόδων,

233 1856 319 1931 quod
343 1869 408 1916 non
431 1859 567 1934 reperio.

278 1957 412 2019 Praeter
442 1958 585 2037 βατιάκη,
615 1959 708 2020 ouius
738 1960 882 2034 primam
906 1958 1183 2034 significationem
1204 1959 1410 2034 ignoramus,
1436 1957 1518 2018 ani·

235 2058 406 2120 mallum
431 2061 583 2136 (piscium
607 2064 640 2122 et
653 2063 692 2132 [i]
717 2062 800 2131 avis)
819 2063 898 2122 sunt
917 2061 1017 2121 simul
1037 2061 1173 2120 nomina
1191 2071 1225 2120 et
1244 2058 1372 2138 βατιάκη
1391 2059 1517 2119 comice

235 2175 255 2220 a
284 2158 367 2237 βατός
398 2161 510 2235 (pisce)
540 2161 683 2223 derivari
713 2165 858 2238 poterat,
891 2163 1002 2236 itaque
1025 2161 1187 2222 eiusmodi
1211 2161 1287 2236 quid
1311 2162 1516 2235 expectatur,

234 2260 292 2321 sed
316 2262 504 2322 coniectura
524 2261 653 2345 ζῳδάρια
673 2263 736 2332 (vel
755 2262 892 2340 θηρίδοο)
914 2256 940 2322 δ’
963 2260 1022 2322 ἔστι
1041 2257 1127 2321 ταῦθ’
1151 2259 1239 2344 ὁρᾷςς
1261 2265 1393 2337 propter
1415 2260 1516 2322 demi·

235 2363 350 2423 nutiva
382 2364 492 2423 minus
515 2363 693 2439 probabilis
716 2365 856 2440 videtur,
882 2366 916 2424 et
946 2357 1005 2423 δάι’
1038 2361 1098 2423 ἔστι
1120 2371 1214 2423 ταῦτα
1237 2358 1295 2446 ζηό,
1316 2360 1404 2445 lpum
1430 2361 1516 2436 quod

234 2463 445 2539 aptissimum
476 2463 574 2540 foret,
605 2467 737 2541 propter
769 2465 961 2526 violentiam
994 2464 1080 2525 haud
1109 2464 1205 2526 facile
1236 2464 1359 2526 criticis
1385 2478 1516 2538 persua-

238 2564 335 2626 debit.
361 2562 487 2643 Αοβὲτο)
511 2561 544 2625 δὲ
566 2563 616 2624 καὶ
641 2563 738 2638 ἄλλος.

189 2666 242 2727 Fr.
266 2666 319 2741 86,
344 2669 376 2728 5.
407 2666 711 2743 Transpositionem
742 2683 852 2729 meam
884 2667 1001 2742 probet
1029 2666 1088 2742 Bl,
1120 2682 1225 2740 neque
1255 2668 1351 2728 aliter
1379 2665 1518 2725 iudicari

233 2769 357 2843 potest,
382 2768 411 2827 si
434 2768 629 2829 Athenaeus
651 2769 815 2845 integram
840 2769 1043 2829 sententiam
1067 2767 1189 2829 attulit.

190 2869 242 2930 l'r.
267 2869 320 2929 87.
344 2870 445 2943 Loqui
465 2869 631 2930 Cononem
652 2873 765 2931 monet
785 2870 833 2930 Bl.
850 2904 889 2913 —
906 2870 960 2930 Vs.
975 2873 1004 2929 5.
1025 2869 1148 2945 ταύτας,
1167 2871 1291 2946 istas,
1308 2883 1428 2929 sanum
1441 2881 1517 2927 esso

234 2969 384 3030 arbitror.

189 3071 241 3131 Fr.
266 3071 320 3145 88,
345 3073 375 3145 2,
400 3067 512 3142 κλοπὰς
534 3086 594 3147 pro
616 3067 756 3148 στρέβλας
780 3070 828 3131 Bl.
853 3070 924 3130 Non
947 3071 1009 3132 hoo
1033 3074 1223 3146 corruptum
1247 3087 1321 3133 esse
1344 3070 1401 3130 sed
1422 3081 1514 3142 prae·

233 3187 381 3246 gressum
407 3186 522 3233 rocem
546 3172 706 3246 hodieque
730 3172 815 3246 apud
840 3187 893 3231 mc
918 3175 1058 3232 constat.

190 3273 241 3334 l‘r.
267 3273 320 3347 89,
348 3273 375 3333 1.
399 3269 554 3347 sortitore!
576 3294 626 3348 μοι
650 3275 683 3332 et
706 3288 755 3331 VS.
776 3273 796 3332 3
817 3294 843 3330 τι
862 3276 931 3348 (pro
950 3278 1012 3346 μοι)
1027 3270 1119 3330 -ἂν
1138 3270 1371 3349 ἐσκευασμένον,
1388 3268 1519 3339 reliqua

234 3389 310 3434 oum
335 3373 461 3435 Kookio
485 3374 535 3435 Bl.

188 3474 241 3536 Fr.
265 3476 319 3550 90,
343 3476 374 3535 t.
401 3476 432 3533 u.
455 3481 508 3534 τοῦ
531 3473 710 3551 φυσήματος
734 3488 864 3534 mecum
888 3474 925 3535 0.
940 3474 1084 3535 Orosius.
1115 3475 1192 3535 Sine
1220 3476 1288 3536 ulla
1312 3473 1382 3533 veri
1406 3461 1522 3542 specie

233 3575 282 3636 Bi.
307 3569 399 3635 τοῖσδ’
426 3571 604 3653 ὠπτημένον
626 3575 681 3637 vel
703 3571 936 3652 κᾶξοοπτημὲνον
961 3576 1013 3636 vel
1035 3572 1297 3651 κώνθνλενμὲνον.

187 3677 238 3738 Fr.
263 3678 317 3752 91,
342 3678 373 3738 3.
397 3675 505 3736 σκότου
528 3677 598 3746 (sio)
617 3678 690 3737 sine
709 3691 810 3736 seusu
829 3677 928 3737 idem.
953 3676 1110 3738 Fortasse
1129 3680 1243 3738 tamen
1267 3675 1380 3737 voluit
1405 3664 1535 3732 σκότον,

231 3780 265 3839 et
288 3779 509 3840 masculinam
532 3793 613 3838 sane
635 3779 780 3840 formam
803 3781 919 3853 poetae
942 3779 1064 3839 scenici
1087 3793 1245 3852 usurpare
1268 3779 1449 3846 assolent.

189 3879 240 3940 l'r.
266 3881 319 3940 98.
465 3879 491 3939 εὶ
514 3888 568 3939 rod
591 3877 703 3956 πατρὸς
726 3878 889 3953 δόξαιμι
913 3877 1046 3954 κρεῖττόν
1069 3898 1130 3939 σοι
1154 3877 1249 3956 λέγειν

466 3978 595 4055 ἐμαυτὸν
619 3978 715 4039 ἀδικῶ
737 3974 850 4039 xorlm'
877 3977 935 4056 εἰμὶ
960 3980 1121 4056 θεοσεβὴς.

466 4079 510 4141 ὅτι
533 4080 584 4140 τὸν
607 4080 844 4156 κοτασπείροοντα
866 4084 951 4140 lund
974 4080 1030 4139 κού
1054 4085 1140 4155 φιλῶ.

232 4181 469 4259 Corrigendum
492 4182 649 4244 arbitror:

377 4283 406 4343 εἰ
425 4291 480 4343 rori
502 4282 614 4359 πατρὸς
635 4282 757 4356 δόξαιμι
781 4281 872 4348 (δοκῶ
894 4281 956 4347 τοῖ)
979 4277 1111 4355 κρεῖττόν
1134 4286 1206 4339 σοῦ
1233 4277 1387 4388 ²5⁸3}

375 4382 521 4460 ἔμονῐόν,
542 4381 638 4443 derne
659 4379 717 4442 m‘.
1388 4352 1424 4400 υ

230 4489 264 4548 et
291 4484 597 4561 interpretandum:
627 4484 669 4544 st
699 4483 802 4558 puto
832 4478 883 4554 (ut
912 4482 950 4538 tu
980 4495 1035 4539 me
1057 4480 1165 4540 iacere
1189 4479 1325 4566 inq
1413 4560 1419 4570 ’
1449 4532 1471 4581 't

230 4586 371 4664 ipsum
401 4589 444 4648 te
472 4588 594 4662 patre
624 4601 713 4647 meo
745 4580 901 4642 melius
932 4580 1093 4654 aliquid
1116 4580 1225 4640 dice
1245 4521 1496 4676 bqu

227 4686 368 4751 lodoeti
388 4687 630 4751 nddesoentuli
649 4701 728 4747 oum
748 4684 842 4757 petre
861 4680 1056 4740 altercantis
1073 4681 1177 4740 rerba
1203 4695 1243 4741 s
1385 4650 1477 4730 W
1497 4720 1527 4774 ,η
1540 4661 1649 4746 stiffi

147 4834 150 4841 .
187 4838 216 4851 ,.
269 4862 272 4867 ,
323 4792 381 4855 ιτ
410 4787 508 4853 ιτα
534 4789 701 4851 κόττανα
731 4781 857 4856 οταν.
887 4781 1024 4854 saenus
1054 4782 1145 4840 enim
1182 4701 1610 4924 τμξνθηνν
1631 4742 1665 4802 a

336 4874 344 4889 ²
363 4894 376 4901 ’“
403 4886 408 4893 ’
459 4886 662 4967 mentis
682 4884 817 4956 monui,
843 4881 1014 4956 personale
1037 4880 1185 4940 verbum
1412 4872 1476 4935 &in
1494 4844 1515 4896 Q
1532 4853 1677 4968 torota&

1294 4934 1432 5027 ἡ
1441 4957 1502 5033 pail*
1516 4936 1534 4993 ἲ
