<?xml version="1.0" encoding="UTF-8"?>
<!DOCTYPE html PUBLIC "-//W3C//DTD XHTML 1.0 Transitional//EN"
    "http://www.w3.org/TR/xhtml1/DTD/xhtml1-transitional.dtd">
<html xmlns="http://www.w3.org/1999/xhtml" xml:lang="en" lang="en">
 <head>
  <title>
</title>
<meta http-equiv="Content-Type" content="text/html;charset=utf-8" />
  <meta name='ocr-system' content='tesseract 3.04.00' />
  <meta name='ocr-capabilities' content='ocr_page ocr_carea ocr_par ocr_line ocrx_word'/>
</head>
<body>
  <div class='ocr_page' id='page_1' title='image "./collectaneacrit00herwgoog_0147.png"; bbox 0 0 3502 5512; ppageno 0'>
   <div class='ocr_carea' id='block_1_1' title="bbox 853 361 916 421">
    <p class='ocr_par' dir='ltr' id='par_1_1' title="bbox 853 361 916 421">
     <span class='ocr_line' id='line_1_1' title="bbox 853 361 916 421; baseline 0 0"><span class='ocrx_word' id='word_1_1' title='bbox 853 361 916 421; x_wconf 78' lang='lat'><strong>109</strong></span> 
     </span>
    </p>
   </div>
   <div class='ocr_carea' id='block_1_2' title="bbox 220 542 1543 1742">
    <p class='ocr_par' dir='ltr' id='par_1_2' title="bbox 262 542 1543 725">
     <span class='ocr_line' id='line_1_2' title="bbox 262 542 1543 622; baseline 0.002 -19"><span class='ocrx_word' id='word_1_2' title='bbox 262 542 437 605; x_wconf 85' lang='lat' dir='ltr'><strong>lectionem</strong></span> <span class='ocrx_word' id='word_1_3' title='bbox 471 544 594 619; x_wconf 89' lang='lat' dir='ltr'><strong>optime</strong></span> <span class='ocrx_word' id='word_1_4' title='bbox 627 546 753 607; x_wconf 89' lang='lat' dir='ltr'><strong>tuearis</strong></span> <span class='ocrx_word' id='word_1_5' title='bbox 787 546 978 622; x_wconf 81' lang='lat' dir='ltr'><strong>Sophocleis</strong></span> <span class='ocrx_word' id='word_1_6' title='bbox 1010 546 1077 606; x_wconf 89' lang='lat' dir='ltr'><strong>illis</strong></span> <span class='ocrx_word' id='word_1_7' title='bbox 1113 545 1159 606; x_wconf 79' lang='lat' dir='ltr'><strong>El.</strong></span> <span class='ocrx_word' id='word_1_8' title='bbox 1194 546 1279 606; x_wconf 80' lang='lat'>1059</span> <span class='ocrx_word' id='word_1_9' title='bbox 1315 545 1385 618; x_wconf 84' lang='grc' dir='ltr'><strong><em>τοὺς</em></strong></span> <span class='ocrx_word' id='word_1_10' title='bbox 1420 543 1543 607; x_wconf 67' lang='grc' dir='ltr'><strong><em>ἄνωθεν</em></strong></span> 
     </span>
     <span class='ocr_line' id='line_1_3' title="bbox 267 645 671 725; baseline -0.002 -19"><span class='ocrx_word' id='word_1_11' title='bbox 267 645 511 725; x_wconf 79' lang='grc' dir='ltr'><em>φρονιμωτάτους</em></span> <span class='ocrx_word' id='word_1_12' title='bbox 534 645 671 718; x_wconf 81' lang='grc' dir='ltr'><strong><em>οἰωνούς.</em></strong></span> 
     </span>
    </p>

    <p class='ocr_par' dir='ltr' id='par_1_3' title="bbox 222 743 1543 1132">
     <span class='ocr_line' id='line_1_4' title="bbox 222 743 1543 828; baseline 0.003 -21"><span class='ocrx_word' id='word_1_13' title='bbox 222 747 273 809; x_wconf 75' lang='lat' dir='ltr'><strong>Fr.</strong></span> <span class='ocrx_word' id='word_1_14' title='bbox 299 748 350 823; x_wconf 82' lang='lat'><strong>29,</strong></span> <span class='ocrx_word' id='word_1_15' title='bbox 378 749 406 808; x_wconf 90' lang='lat'><strong>1.</strong></span> <span class='ocrx_word' id='word_1_16' title='bbox 442 746 490 808; x_wconf 90' lang='lat' dir='ltr'><strong>Bl.</strong></span> <span class='ocrx_word' id='word_1_17' title='bbox 520 755 572 826; x_wconf 82' lang='grc' dir='ltr'><strong>τῆς</strong></span> <span class='ocrx_word' id='word_1_18' title='bbox 606 747 710 820; x_wconf 78' lang='grc' dir='ltr'><strong><em>πενίας</em></strong></span> <span class='ocrx_word' id='word_1_19' title='bbox 741 747 834 809; x_wconf 72' lang='grc' dir='ltr'><strong><em>ὅπλον</em></strong></span> <span class='ocrx_word' id='word_1_20' title='bbox 862 743 944 813; x_wconf 73' lang='grc' dir='ltr'><strong><em>(ἔστ’</em></strong></span> <span class='ocrx_word' id='word_1_21' title='bbox 978 745 1129 828; x_wconf 71' lang='grc' dir='ltr'><strong><em>ἄριστον)</em></strong></span> <span class='ocrx_word' id='word_1_22' title='bbox 1161 744 1379 827; x_wconf 76' lang='grc' dir='ltr'><strong><em>ἡΙπαρρησία</em></strong></span> <span class='ocrx_word' id='word_1_23' title='bbox 1411 764 1543 813; x_wconf 77' lang='lat' dir='ltr'><strong>mecum</strong></span> 
     </span>
     <span class='ocr_line' id='line_1_5' title="bbox 264 845 1542 928; baseline 0.004 -20"><span class='ocrx_word' id='word_1_24' title='bbox 264 850 414 917; x_wconf 88' lang='lat' dir='ltr'><strong>inserens</strong></span> <span class='ocrx_word' id='word_1_25' title='bbox 440 845 576 928; x_wconf 73' lang='grc' dir='ltr'><strong><em>ἄριστον,</em></strong></span> <span class='ocrx_word' id='word_1_26' title='bbox 597 852 656 912; x_wconf 90' lang='lat' dir='ltr'><strong>sed</strong></span> <span class='ocrx_word' id='word_1_27' title='bbox 679 853 767 912; x_wconf 85' lang='lat' dir='ltr'><strong>reete</strong></span> <span class='ocrx_word' id='word_1_28' title='bbox 791 865 930 912; x_wconf 88' lang='lat' dir='ltr'><strong>servans</strong></span> <span class='ocrx_word' id='word_1_29' title='bbox 954 849 1145 926; x_wconf 88' lang='lat' dir='ltr'><strong>articulum,</strong></span> <span class='ocrx_word' id='word_1_30' title='bbox 1170 850 1243 912; x_wconf 93' lang='lat' dir='ltr'><strong>ooll.</strong></span> <span class='ocrx_word' id='word_1_31' title='bbox 1267 851 1350 912; x_wconf 84' lang='lat' dir='ltr'><strong>Men.</strong></span> <span class='ocrx_word' id='word_1_32' title='bbox 1376 866 1464 912; x_wconf 89' lang='lat' dir='ltr'><strong>mon.</strong></span> <span class='ocrx_word' id='word_1_33' title='bbox 1489 853 1542 914; x_wconf 82' lang='lat'><strong>49.</strong></span> 
     </span>
     <span class='ocr_line' id='line_1_6' title="bbox 267 946 1542 1029; baseline 0.003 -19"><span class='ocrx_word' id='word_1_34' title='bbox 267 949 313 1012; x_wconf 85' lang='lat' dir='ltr'><strong>Oi.</strong></span> <span class='ocrx_word' id='word_1_35' title='bbox 338 950 412 1011; x_wconf 78' lang='lat' dir='ltr'><strong>Eur.</strong></span> <span class='ocrx_word' id='word_1_36' title='bbox 433 951 472 1012; x_wconf 88' lang='lat' dir='ltr'><strong>ir.</strong></span> <span class='ocrx_word' id='word_1_37' title='bbox 493 953 534 1012; x_wconf 84' lang='lat'><strong>91</strong></span> <span class='ocrx_word' id='word_1_38' title='bbox 555 946 660 1027; x_wconf 86' lang='lat' dir='ltr'><strong>ch².,</strong></span> <span class='ocrx_word' id='word_1_39' title='bbox 684 955 720 1013; x_wconf 91' lang='lat' dir='ltr'><strong>ut</strong></span> <span class='ocrx_word' id='word_1_40' title='bbox 744 953 872 1014; x_wconf 87' lang='lat' dir='ltr'><strong>correxi</strong></span> <span class='ocrx_word' id='word_1_41' title='bbox 894 952 1005 1014; x_wconf 90' lang='lat' dir='ltr'><strong>locum</strong></span> <span class='ocrx_word' id='word_1_42' title='bbox 1028 953 1317 1029; x_wconf 87' lang='lat' dir='ltr'><strong>corruptissimum</strong></span> <span class='ocrx_word' id='word_1_43' title='bbox 1337 953 1451 1014; x_wconf 81' lang='lat' dir='ltr'><strong>Exere.</strong></span> <span class='ocrx_word' id='word_1_44' title='bbox 1472 955 1542 1015; x_wconf 89' lang='lat' dir='ltr'><strong>orit.</strong></span> 
     </span>
     <span class='ocr_line' id='line_1_7' title="bbox 266 1049 1248 1132; baseline 0.001 -21"><span class='ocrx_word' id='word_1_45' title='bbox 266 1068 297 1128; x_wconf 87' lang='lat' dir='ltr'><strong>p.</strong></span> <span class='ocrx_word' id='word_1_46' title='bbox 321 1054 363 1114; x_wconf 81' lang='lat'><strong>33</strong></span> <span class='ocrx_word' id='word_1_47' title='bbox 387 1049 520 1129; x_wconf 80' lang='grc' dir='ltr'><strong><em>ἀτρίαεια</em></strong></span> <span class='ocrx_word' id='word_1_48' title='bbox 543 1049 575 1112; x_wconf 78' lang='grc' dir='ltr'><strong>δὲ</strong></span> <span class='ocrx_word' id='word_1_49' title='bbox 596 1049 601 1130; x_wconf 86' lang='grc' dir='ltr'>Ι</span> <span class='ocrx_word' id='word_1_50' title='bbox 622 1050 742 1131; x_wconf 72' lang='grc' dir='ltr'><strong><em>ἄριστον</em></strong></span> <span class='ocrx_word' id='word_1_51' title='bbox 765 1050 875 1132; x_wconf 79' lang='grc' dir='ltr'><strong><em>ἀνδρὸς</em></strong></span> <span class='ocrx_word' id='word_1_52' title='bbox 899 1052 992 1113; x_wconf 80' lang='grc' dir='ltr'><strong><em>ὅπλον</em></strong></span> <span class='ocrx_word' id='word_1_53' title='bbox 1015 1051 1136 1114; x_wconf 78' lang='grc' dir='ltr'><strong><em>ἐνδίκου</em></strong></span> <span class='ocrx_word' id='word_1_54' title='bbox 1158 1052 1248 1113; x_wconf 80' lang='grc' dir='ltr'><strong><em>πέλει.</em></strong></span> 
     </span>
    </p>

    <p class='ocr_par' dir='ltr' id='par_1_4' title="bbox 221 1152 1543 1437">
     <span class='ocr_line' id='line_1_8' title="bbox 221 1152 1543 1234; baseline 0.004 -20"><span class='ocrx_word' id='word_1_55' title='bbox 221 1153 272 1215; x_wconf 81' lang='lat' dir='ltr'><strong>Fr.</strong></span> <span class='ocrx_word' id='word_1_56' title='bbox 298 1155 350 1216; x_wconf 86' lang='lat'><strong>34.</strong></span> <span class='ocrx_word' id='word_1_57' title='bbox 386 1155 480 1230; x_wconf 80' lang='lat' dir='ltr'><strong>Apud</strong></span> <span class='ocrx_word' id='word_1_58' title='bbox 516 1156 724 1218; x_wconf 78' lang='lat' dir='ltr'><strong>Athenaeum</strong></span> <span class='ocrx_word' id='word_1_59' title='bbox 760 1170 801 1216; x_wconf 81' lang='lat' dir='ltr'><strong>ex</strong></span> <span class='ocrx_word' id='word_1_60' title='bbox 833 1155 908 1216; x_wconf 91' lang='lat' dir='ltr'><strong>aliis</strong></span> <span class='ocrx_word' id='word_1_61' title='bbox 937 1156 1019 1216; x_wconf 86' lang='lat' dir='ltr'><strong>locis</strong></span> <span class='ocrx_word' id='word_1_62' title='bbox 1049 1155 1097 1218; x_wconf 89' lang='lat' dir='ltr'><strong>Bl.</strong></span> <span class='ocrx_word' id='word_1_63' title='bbox 1129 1155 1263 1231; x_wconf 83' lang='lat' dir='ltr'>corrigit</span> <span class='ocrx_word' id='word_1_64' title='bbox 1293 1152 1403 1234; x_wconf 79' lang='grc' dir='ltr'><strong><em>ὄρμενα</em></strong></span> <span class='ocrx_word' id='word_1_65' title='bbox 1427 1155 1462 1215; x_wconf 83' lang='grc' dir='ltr'><strong>τὰ</strong></span> <span class='ocrx_word' id='word_1_66' title='bbox 1486 1173 1543 1233; x_wconf 92' lang='lat' dir='ltr'><strong>pro</strong></span> 
     </span>
     <span class='ocr_line' id='line_1_9' title="bbox 265 1253 1542 1335; baseline 0.005 -19"><span class='ocrx_word' id='word_1_67' title='bbox 265 1254 393 1334; x_wconf 79' lang='grc' dir='ltr'><strong><em>ὄρμενον</em></strong></span> <span class='ocrx_word' id='word_1_68' title='bbox 421 1254 486 1335; x_wconf 85' lang='grc' dir='ltr'><strong><em>τὸν,</em></strong></span> <span class='ocrx_word' id='word_1_69' title='bbox 515 1257 572 1318; x_wconf 78' lang='lat' dir='ltr'><strong>sed</strong></span> <span class='ocrx_word' id='word_1_70' title='bbox 604 1257 720 1318; x_wconf 78' lang='lat' dir='ltr'><strong>eodem</strong></span> <span class='ocrx_word' id='word_1_71' title='bbox 742 1257 813 1318; x_wconf 81' lang='lat' dir='ltr'><strong>iure</strong></span> <span class='ocrx_word' id='word_1_72' title='bbox 842 1258 951 1332; x_wconf 76' lang='lat' dir='ltr'><strong>possis</strong></span> <span class='ocrx_word' id='word_1_73' title='bbox 974 1256 1067 1318; x_wconf 84' lang='grc' dir='ltr'><strong>τὸ-</strong></span> <span class='ocrx_word' id='word_1_74' title='bbox 1090 1255 1259 1334; x_wconf 77' lang='grc' dir='ltr'><strong><em>ἐξηνθηκὸς</em></strong></span> <span class='ocrx_word' id='word_1_75' title='bbox 1283 1259 1353 1328; x_wconf 77' lang='lat' dir='ltr'><strong>(aut</strong></span> <span class='ocrx_word' id='word_1_76' title='bbox 1374 1253 1542 1334; x_wconf 77' lang='grc' dir='ltr'><strong><em>ίξάνθημαῖ</em></strong></span> 
     </span>
     <span class='ocr_line' id='line_1_10' title="bbox 266 1357 680 1437; baseline -0.01 -16"><span class='ocrx_word' id='word_1_77' title='bbox 266 1375 323 1435; x_wconf 83' lang='lat' dir='ltr'><strong>pro</strong></span> <span class='ocrx_word' id='word_1_78' title='bbox 346 1359 459 1421; x_wconf 83' lang='grc' dir='ltr'><strong><em>τὸν-</em></strong></span> <span class='ocrx_word' id='word_1_79' title='bbox 484 1357 680 1437; x_wconf 70' lang='grc' dir='ltr'><strong><em>ἐξηνθηκότα.</em></strong></span> 
     </span>
    </p>

    <p class='ocr_par' dir='ltr' id='par_1_5' title="bbox 220 1458 1543 1742">
     <span class='ocr_line' id='line_1_11' title="bbox 220 1458 1543 1540; baseline 0.003 -20"><span class='ocrx_word' id='word_1_80' title='bbox 220 1460 270 1522; x_wconf 82' lang='lat' dir='ltr'><strong>Fr.</strong></span> <span class='ocrx_word' id='word_1_81' title='bbox 297 1462 348 1522; x_wconf 84' lang='lat'><strong>35.</strong></span> <span class='ocrx_word' id='word_1_82' title='bbox 385 1463 516 1537; x_wconf 91' lang='lat' dir='ltr'><strong>Optime</strong></span> <span class='ocrx_word' id='word_1_83' title='bbox 547 1462 648 1523; x_wconf 84' lang='lat' dir='ltr'><strong>Cobet</strong></span> <span class='ocrx_word' id='word_1_84' title='bbox 678 1458 782 1540; x_wconf 75' lang='grc' dir='ltr'><strong><em>τέχνην</em></strong></span> <span class='ocrx_word' id='word_1_85' title='bbox 813 1478 870 1538; x_wconf 92' lang='lat' dir='ltr'><strong>pro</strong></span> <span class='ocrx_word' id='word_1_86' title='bbox 894 1462 1005 1539; x_wconf 78' lang='grc' dir='ltr'><strong><em>ψυχήν.</em></strong></span> <span class='ocrx_word' id='word_1_87' title='bbox 1038 1462 1174 1524; x_wconf 77' lang='lat' dir='ltr'><strong>Tirones</strong></span> <span class='ocrx_word' id='word_1_88' title='bbox 1197 1463 1352 1524; x_wconf 90' lang='lat' dir='ltr'><strong>monendi</strong></span> <span class='ocrx_word' id='word_1_89' title='bbox 1374 1459 1480 1540; x_wconf 79' lang='grc' dir='ltr'><strong><em>τέχνην</em></strong></span> <span class='ocrx_word' id='word_1_90' title='bbox 1503 1464 1543 1524; x_wconf 88' lang='grc' dir='ltr'><strong>(1ο</strong></span> 
     </span>
     <span class='ocr_line' id='line_1_12' title="bbox 264 1564 1542 1643; baseline 0 -19"><span class='ocrx_word' id='word_1_91' title='bbox 264 1579 354 1624; x_wconf 91' lang='lat' dir='ltr'><strong>more</strong></span> <span class='ocrx_word' id='word_1_92' title='bbox 377 1565 497 1625; x_wconf 88' lang='lat' dir='ltr'><strong>abiisse</strong></span> <span class='ocrx_word' id='word_1_93' title='bbox 518 1564 553 1624; x_wconf 92' lang='lat' dir='ltr'><strong>in</strong></span> <span class='ocrx_word' id='word_1_94' title='bbox 577 1564 680 1641; x_wconf 80' lang='grc' dir='ltr'><strong><em>τύχην,</em></strong></span> <span class='ocrx_word' id='word_1_95' title='bbox 703 1564 778 1640; x_wconf 85' lang='lat' dir='ltr'><strong>hoo,</strong></span> <span class='ocrx_word' id='word_1_96' title='bbox 801 1567 838 1626; x_wconf 92' lang='lat' dir='ltr'><strong>ut</strong></span> <span class='ocrx_word' id='word_1_97' title='bbox 856 1565 942 1625; x_wconf 91' lang='lat' dir='ltr'><strong>solet</strong></span> <span class='ocrx_word' id='word_1_98' title='bbox 962 1580 1051 1626; x_wconf 93' lang='lat' dir='ltr'><strong>error</strong></span> <span class='ocrx_word' id='word_1_99' title='bbox 1070 1580 1214 1627; x_wconf 90' lang='lat' dir='ltr'><strong>errorem</strong></span> <span class='ocrx_word' id='word_1_100' title='bbox 1234 1579 1363 1640; x_wconf 89' lang='lat' dir='ltr'><strong>parere,</strong></span> <span class='ocrx_word' id='word_1_101' title='bbox 1384 1565 1542 1643; x_wconf 78' lang='grc' dir='ltr'><strong><em>ῖοψοχήν.</em></strong></span> 
     </span>
     <span class='ocr_line' id='line_1_13' title="bbox 263 1664 877 1742; baseline 0.005 -18"><span class='ocrx_word' id='word_1_102' title='bbox 263 1664 424 1740; x_wconf 91' lang='lat' dir='ltr'><strong>Perpetua</strong></span> <span class='ocrx_word' id='word_1_103' title='bbox 446 1666 479 1725; x_wconf 94' lang='lat' dir='ltr'><strong>in</strong></span> <span class='ocrx_word' id='word_1_104' title='bbox 503 1666 555 1727; x_wconf 90' lang='lat' dir='ltr'><strong>his</strong></span> <span class='ocrx_word' id='word_1_105' title='bbox 578 1669 696 1742; x_wconf 81' lang='lat' dir='ltr'><strong>regnat</strong></span> <span class='ocrx_word' id='word_1_106' title='bbox 719 1666 877 1728; x_wconf 81' lang='lat' dir='ltr'><strong>conlusio.</strong></span> 
     </span>
    </p>
   </div>
   <div class='ocr_carea' id='block_1_3' title="bbox 210 1864 1541 5002">
    <p class='ocr_par' dir='ltr' id='par_1_6' title="bbox 219 1864 1541 2356">
     <span class='ocr_line' id='line_1_14' title="bbox 219 1864 1539 1947; baseline 0.001 -15"><span class='ocrx_word' id='word_1_107' title='bbox 219 1864 418 1934; x_wconf 83' lang='lat' dir='ltr'><strong>Philetaeri</strong></span> <span class='ocrx_word' id='word_1_108' title='bbox 443 1870 481 1932; x_wconf 88' lang='lat' dir='ltr'><strong>ir.</strong></span> <span class='ocrx_word' id='word_1_109' title='bbox 504 1872 577 1947; x_wconf 91' lang='lat'>1,1.</span> <span class='ocrx_word' id='word_1_110' title='bbox 596 1867 692 1930; x_wconf 79' lang='grc' dir='ltr'><strong><em>ἐνέπιε</em></strong></span> <span class='ocrx_word' id='word_1_111' title='bbox 716 1870 767 1931; x_wconf 89' lang='lat' dir='ltr'><strong>vel</strong></span> <span class='ocrx_word' id='word_1_112' title='bbox 791 1866 892 1930; x_wconf 80' lang='grc' dir='ltr'><strong><em>ἐπίπιε</em></strong></span> <span class='ocrx_word' id='word_1_113' title='bbox 915 1871 1006 1940; x_wconf 90' lang='lat' dir='ltr'><strong>(illud</strong></span> <span class='ocrx_word' id='word_1_114' title='bbox 1026 1875 1114 1931; x_wconf 86' lang='lat' dir='ltr'><strong>certe</strong></span> <span class='ocrx_word' id='word_1_115' title='bbox 1131 1871 1261 1939; x_wconf 83' lang='lat' dir='ltr'><strong>melius)</strong></span> <span class='ocrx_word' id='word_1_116' title='bbox 1282 1871 1345 1947; x_wconf 90' lang='lat' dir='ltr'><strong>Bl.,</strong></span> <span class='ocrx_word' id='word_1_117' title='bbox 1370 1872 1428 1932; x_wconf 90' lang='lat' dir='ltr'><strong>sed</strong></span> <span class='ocrx_word' id='word_1_118' title='bbox 1451 1888 1539 1933; x_wconf 90' lang='lat' dir='ltr'><strong>ener-</strong></span> 
     </span>
     <span class='ocr_line' id='line_1_15' title="bbox 263 1969 1541 2054; baseline 0.003 -22"><span class='ocrx_word' id='word_1_119' title='bbox 263 1971 406 2046; x_wconf 77' lang='lat' dir='ltr'><strong>getioum</strong></span> <span class='ocrx_word' id='word_1_120' title='bbox 419 1969 558 2049; x_wconf 81' lang='grc' dir='ltr'><strong><em>ἐνέσεισε,</em></strong></span> <span class='ocrx_word' id='word_1_121' title='bbox 573 1973 726 2048; x_wconf 89' lang='lat' dir='ltr'><strong>quamvis</strong></span> <span class='ocrx_word' id='word_1_122' title='bbox 738 1973 971 2048; x_wconf 88' lang='lat' dir='ltr'><strong>novedictum,</strong></span> <span class='ocrx_word' id='word_1_123' title='bbox 986 1988 1051 2034; x_wconf 90' lang='lat' dir='ltr'><strong>non</strong></span> <span class='ocrx_word' id='word_1_124' title='bbox 1064 1972 1309 2034; x_wconf 86' lang='lat' dir='ltr'><strong>sollicitandum</strong></span> <span class='ocrx_word' id='word_1_125' title='bbox 1323 1973 1461 2054; x_wconf 86' lang='lat' dir='ltr'><strong>videtur,</strong></span> <span class='ocrx_word' id='word_1_126' title='bbox 1470 1976 1541 2036; x_wconf 92' lang='lat' dir='ltr'><strong>sive</strong></span> 
     </span>
     <span class='ocr_line' id='line_1_16' title="bbox 262 2071 1538 2154; baseline 0.005 -22"><span class='ocrx_word' id='word_1_127' title='bbox 262 2083 299 2154; x_wconf 68' lang='lat' dir='ltr'><strong>aa</strong></span> <span class='ocrx_word' id='word_1_128' title='bbox 320 2071 440 2151; x_wconf 85' lang='grc' dir='ltr'><strong><em>στόματι</em></strong></span> <span class='ocrx_word' id='word_1_129' title='bbox 458 2078 696 2150; x_wconf 80' lang='lat' dir='ltr'>praecesserat,</span> <span class='ocrx_word' id='word_1_130' title='bbox 717 2075 789 2136; x_wconf 88' lang='lat' dir='ltr'><strong>sive</strong></span> <span class='ocrx_word' id='word_1_131' title='bbox 808 2075 1021 2150; x_wconf 81' lang='lat' dir='ltr'><strong>cogitandum</strong></span> <span class='ocrx_word' id='word_1_132' title='bbox 1035 2079 1096 2137; x_wconf 88' lang='lat' dir='ltr'><strong>est.</strong></span> <span class='ocrx_word' id='word_1_133' title='bbox 1111 2077 1144 2136; x_wconf 83' lang='lat' dir='ltr'><strong>Si</strong></span> <span class='ocrx_word' id='word_1_134' title='bbox 1157 2077 1230 2151; x_wconf 87' lang='lat' dir='ltr'><strong>quis</strong></span> <span class='ocrx_word' id='word_1_135' title='bbox 1242 2076 1379 2137; x_wconf 88' lang='lat' dir='ltr'><strong>verbum</strong></span> <span class='ocrx_word' id='word_1_136' title='bbox 1392 2077 1538 2138; x_wconf 91' lang='lat' dir='ltr'><strong>medium</strong></span> 
     </span>
     <span class='ocr_line' id='line_1_17' title="bbox 261 2171 1539 2261; baseline 0.002 -24"><span class='ocrx_word' id='word_1_137' title='bbox 261 2176 411 2252; x_wconf 78' lang='lat' dir='ltr'><strong>requirit,</strong></span> <span class='ocrx_word' id='word_1_138' title='bbox 453 2177 575 2252; x_wconf 79' lang='lat' dir='ltr'><strong>possit:</strong></span> <span class='ocrx_word' id='word_1_139' title='bbox 621 2175 766 2254; x_wconf 74' lang='grc' dir='ltr'><strong><em>μεστὴν</em></strong></span> <span class='ocrx_word' id='word_1_140' title='bbox 807 2171 1013 2236; x_wconf 79' lang='grc' dir='ltr'><strong><em>ἐνεσείοατ’</em></strong></span> <span class='ocrx_word' id='word_1_141' title='bbox 1050 2176 1118 2237; x_wconf 80' lang='grc' dir='ltr'><strong><em>ἴσον</em></strong></span> <span class='ocrx_word' id='word_1_142' title='bbox 1159 2177 1214 2261; x_wconf 79' lang='grc' dir='ltr'><strong>ἴσῳ</strong></span> <span class='ocrx_word' id='word_1_143' title='bbox 1244 2178 1466 2255; x_wconf 78' lang='grc' dir='ltr'><strong><em>μετανιπτρίδα.</em></strong></span> <span class='ocrx_word' id='word_1_144' title='bbox 1505 2179 1539 2239; x_wconf 82' lang='lat' dir='ltr'><strong>Si</strong></span> 
     </span>
     <span class='ocr_line' id='line_1_18' title="bbox 260 2274 1538 2356; baseline 0.002 -20"><span class='ocrx_word' id='word_1_145' title='bbox 260 2274 396 2338; x_wconf 79' lang='grc' dir='ltr'><strong><em>ὑπειπὼν</em></strong></span> <span class='ocrx_word' id='word_1_146' title='bbox 418 2293 536 2339; x_wconf 89' lang='lat' dir='ltr'><strong>sanum</strong></span> <span class='ocrx_word' id='word_1_147' title='bbox 561 2282 613 2339; x_wconf 88' lang='lat' dir='ltr'><strong>est</strong></span> <span class='ocrx_word' id='word_1_148' title='bbox 639 2276 780 2348; x_wconf 78' lang='grc' dir='ltr'><strong><em>(ἐπειπὼν</em></strong></span> <span class='ocrx_word' id='word_1_149' title='bbox 805 2278 960 2355; x_wconf 74' lang='lat' dir='ltr'><strong>schah),</strong></span> <span class='ocrx_word' id='word_1_150' title='bbox 985 2278 1161 2356; x_wconf 83' lang='lat' dir='ltr'><strong>significat,</strong></span> <span class='ocrx_word' id='word_1_151' title='bbox 1187 2281 1224 2340; x_wconf 92' lang='lat' dir='ltr'><strong>ut</strong></span> <span class='ocrx_word' id='word_1_152' title='bbox 1242 2295 1353 2355; x_wconf 83' lang='lat' dir='ltr'><strong>saepe,</strong></span> <span class='ocrx_word' id='word_1_153' title='bbox 1378 2280 1538 2355; x_wconf 84' lang='grc' dir='ltr'><strong><em>προειπών.</em></strong></span> 
     </span>
    </p>

    <p class='ocr_par' dir='ltr' id='par_1_7' title="bbox 218 2375 1538 2867">
     <span class='ocr_line' id='line_1_19' title="bbox 218 2375 1538 2460; baseline 0.002 -21"><span class='ocrx_word' id='word_1_154' title='bbox 218 2379 269 2441; x_wconf 80' lang='lat' dir='ltr'><strong>Fr.</strong></span> <span class='ocrx_word' id='word_1_155' title='bbox 295 2381 325 2456; x_wconf 85' lang='grc'><strong>3,</strong></span> <span class='ocrx_word' id='word_1_156' title='bbox 342 2381 370 2439; x_wconf 91' lang='grc'><strong>1.</strong></span> <span class='ocrx_word' id='word_1_157' title='bbox 396 2380 553 2456; x_wconf 91' lang='lat' dir='ltr'><strong>Proposui</strong></span> <span class='ocrx_word' id='word_1_158' title='bbox 576 2381 706 2458; x_wconf 82' lang='grc' dir='ltr'><strong><em>τροχάσα</em></strong></span> <span class='ocrx_word' id='word_1_159' title='bbox 722 2375 776 2460; x_wconf 78' lang='grc' dir='ltr'><strong>’γὼ</strong></span> <span class='ocrx_word' id='word_1_160' title='bbox 797 2396 854 2457; x_wconf 92' lang='lat' dir='ltr'><strong>pro</strong></span> <span class='ocrx_word' id='word_1_161' title='bbox 873 2381 1019 2460; x_wconf 78' lang='grc' dir='ltr'><strong><em>τροχάζω,</em></strong></span> <span class='ocrx_word' id='word_1_162' title='bbox 1039 2381 1148 2442; x_wconf 93' lang='lat' dir='ltr'><strong>deleto</strong></span> <span class='ocrx_word' id='word_1_163' title='bbox 1168 2383 1215 2451; x_wconf 92' lang='lat' dir='ltr'><strong>(ut</strong></span> <span class='ocrx_word' id='word_1_164' title='bbox 1235 2381 1326 2451; x_wconf 87' lang='lat' dir='ltr'><strong>olim)</strong></span> <span class='ocrx_word' id='word_1_165' title='bbox 1346 2383 1427 2442; x_wconf 87' lang='lat' dir='ltr'><strong>vs.3</strong></span> <span class='ocrx_word' id='word_1_166' title='bbox 1449 2379 1538 2460; x_wconf 78' lang='grc' dir='ltr'><strong><em>ὑπερ-</em></strong></span> 
     </span>
     <span class='ocr_line' id='line_1_20' title="bbox 260 2464 1537 2562; baseline 0.003 -21"><span class='ocrx_word' id='word_1_167' title='bbox 260 2482 378 2560; x_wconf 81' lang='grc' dir='ltr'><strong><em>δραμῶ,</em></strong></span> <span class='ocrx_word' id='word_1_168' title='bbox 401 2486 438 2543; x_wconf 91' lang='lat' dir='ltr'><strong>ut</strong></span> <span class='ocrx_word' id='word_1_169' title='bbox 460 2497 478 2543; x_wconf 93' lang='lat' dir='ltr'><strong>e</strong></span> <span class='ocrx_word' id='word_1_170' title='bbox 502 2498 550 2543; x_wconf 90' lang='lat' dir='ltr'><strong>vs.</strong></span> <span class='ocrx_word' id='word_1_171' title='bbox 576 2484 594 2541; x_wconf 81' lang='lat'><strong>2</strong></span> <span class='ocrx_word' id='word_1_172' title='bbox 625 2464 778 2543; x_wconf 88' lang='lat' dir='ltr'><strong>audiatur</strong></span> <span class='ocrx_word' id='word_1_173' title='bbox 807 2480 979 2562; x_wconf 77' lang='grc' dir='ltr'><strong><em>ὑπερβαλῶ,</em></strong></span> <span class='ocrx_word' id='word_1_174' title='bbox 1000 2483 1059 2544; x_wconf 88' lang='lat' dir='ltr'><strong>sed</strong></span> <span class='ocrx_word' id='word_1_175' title='bbox 1083 2486 1171 2544; x_wconf 83' lang='lat' dir='ltr'><strong>reete</strong></span> <span class='ocrx_word' id='word_1_176' title='bbox 1195 2483 1256 2543; x_wconf 86' lang='lat' dir='ltr'><strong>hoc</strong></span> <span class='ocrx_word' id='word_1_177' title='bbox 1278 2497 1377 2543; x_wconf 89' lang='lat' dir='ltr'><strong>sensu</strong></span> <span class='ocrx_word' id='word_1_178' title='bbox 1401 2484 1537 2545; x_wconf 85' lang='lat' dir='ltr'><strong>verbum</strong></span> 
     </span>
     <span class='ocr_line' id='line_1_21' title="bbox 261 2581 1537 2662; baseline 0.001 -18"><span class='ocrx_word' id='word_1_179' title='bbox 261 2585 407 2645; x_wconf 90' lang='lat' dir='ltr'><strong>medium</strong></span> <span class='ocrx_word' id='word_1_180' title='bbox 431 2584 570 2644; x_wconf 86' lang='lat' dir='ltr'><strong>atticum</strong></span> <span class='ocrx_word' id='word_1_181' title='bbox 595 2599 667 2644; x_wconf 85' lang='lat' dir='ltr'><strong>esse</strong></span> <span class='ocrx_word' id='word_1_182' title='bbox 692 2585 821 2645; x_wconf 90' lang='lat' dir='ltr'><strong>monuit</strong></span> <span class='ocrx_word' id='word_1_183' title='bbox 844 2585 892 2645; x_wconf 88' lang='lat' dir='ltr'><strong>Bl.</strong></span> <span class='ocrx_word' id='word_1_184' title='bbox 923 2585 990 2645; x_wconf 85' lang='lat' dir='ltr'><strong>Nec</strong></span> <span class='ocrx_word' id='word_1_185' title='bbox 1019 2588 1132 2645; x_wconf 91' lang='lat' dir='ltr'><strong>tamen</strong></span> <span class='ocrx_word' id='word_1_186' title='bbox 1156 2581 1318 2662; x_wconf 79' lang='grc' dir='ltr'><strong><em>οπερπονῶ</em></strong></span> <span class='ocrx_word' id='word_1_187' title='bbox 1341 2587 1375 2644; x_wconf 88' lang='grc' dir='ltr'><strong>οῖ</strong></span> <span class='ocrx_word' id='word_1_188' title='bbox 1397 2582 1537 2662; x_wconf 70' lang='lat' dir='ltr'><strong>inradia</strong></span> 
     </span>
     <span class='ocr_line' id='line_1_22' title="bbox 259 2683 1537 2764; baseline 0.001 -18"><span class='ocrx_word' id='word_1_189' title='bbox 259 2686 382 2762; x_wconf 85' lang='lat' dir='ltr'><strong>(Koelr),</strong></span> <span class='ocrx_word' id='word_1_190' title='bbox 406 2683 571 2764; x_wconf 77' lang='grc' dir='ltr'><strong><em>ὑπερφαγο</em></strong></span> <span class='ocrx_word' id='word_1_191' title='bbox 583 2688 644 2762; x_wconf 84' lang='grc'><strong>(11),</strong></span> <span class='ocrx_word' id='word_1_192' title='bbox 669 2683 839 2763; x_wconf 80' lang='grc' dir='ltr'><strong><em>ὑπερεσοίω</em></strong></span> <span class='ocrx_word' id='word_1_193' title='bbox 859 2686 930 2758; x_wconf 83' lang='grc'><strong>(81.)</strong></span> <span class='ocrx_word' id='word_1_194' title='bbox 954 2686 1138 2762; x_wconf 81' lang='lat' dir='ltr'><strong>probabiles</strong></span> <span class='ocrx_word' id='word_1_195' title='bbox 1161 2688 1239 2747; x_wconf 92' lang='lat' dir='ltr'><strong>sunt</strong></span> <span class='ocrx_word' id='word_1_196' title='bbox 1262 2686 1477 2748; x_wconf 84' lang='lat' dir='ltr'><strong>coniecturae.</strong></span> <span class='ocrx_word' id='word_1_197' title='bbox 1503 2688 1537 2747; x_wconf 82' lang='lat' dir='ltr'><strong>Si</strong></span> 
     </span>
     <span class='ocr_line' id='line_1_23' title="bbox 260 2781 1365 2867; baseline 0 -20"><span class='ocrx_word' id='word_1_198' title='bbox 260 2802 336 2848; x_wconf 90' lang='lat' dir='ltr'><strong>vere</strong></span> <span class='ocrx_word' id='word_1_199' title='bbox 360 2788 484 2849; x_wconf 82' lang='lat' dir='ltr'><strong>conieci</strong></span> <span class='ocrx_word' id='word_1_200' title='bbox 507 2788 638 2867; x_wconf 76' lang='grc' dir='ltr'><strong><em>τροχοῖσιν</em></strong></span> <span class='ocrx_word' id='word_1_201' title='bbox 658 2781 727 2867; x_wconf 59' lang='lat' dir='ltr'><strong>pa,</strong></span> <span class='ocrx_word' id='word_1_202' title='bbox 748 2802 813 2849; x_wconf 92' lang='lat' dir='ltr'><strong>non</strong></span> <span class='ocrx_word' id='word_1_203' title='bbox 837 2789 925 2849; x_wconf 91' lang='lat' dir='ltr'><strong>male</strong></span> <span class='ocrx_word' id='word_1_204' title='bbox 950 2804 998 2849; x_wconf 86' lang='lat' dir='ltr'><strong>vs.</strong></span> <span class='ocrx_word' id='word_1_205' title='bbox 1024 2790 1043 2848; x_wconf 84' lang='lat'><strong><em>2</em></strong></span> <span class='ocrx_word' id='word_1_206' title='bbox 1067 2804 1115 2862; x_wconf 90' lang='lat' dir='ltr'><strong>sq.</strong></span> <span class='ocrx_word' id='word_1_207' title='bbox 1140 2788 1365 2864; x_wconf 82' lang='lat' dir='ltr'><strong>rescripseris:</strong></span> 
     </span>
    </p>

    <p class='ocr_par' dir='ltr' id='par_1_8' title="bbox 470 2883 1294 2968">
     <span class='ocr_line' id='line_1_24' title="bbox 470 2883 1294 2968; baseline -0.002 -19"><span class='ocrx_word' id='word_1_208' title='bbox 470 2887 521 2949; x_wconf 85' lang='grc' dir='ltr'><strong><em>τὸν</em></strong></span> <span class='ocrx_word' id='word_1_209' title='bbox 547 2886 684 2967; x_wconf 77' lang='grc' dir='ltr'><strong><em>Ταυρέαν</em></strong></span> <span class='ocrx_word' id='word_1_210' title='bbox 707 2883 737 2948; x_wconf 81' lang='grc' dir='ltr'><strong>δ’</strong></span> <span class='ocrx_word' id='word_1_211' title='bbox 764 2887 1068 2968; x_wconf 78' lang='grc' dir='ltr'><strong><em>ὑπερβαλοῦμαι</em></strong></span> <span class='ocrx_word' id='word_1_212' title='bbox 1090 2893 1151 2961; x_wconf 81' lang='grc' dir='ltr'><strong><em>τοῖς</em></strong></span> <span class='ocrx_word' id='word_1_213' title='bbox 1174 2889 1294 2965; x_wconf 86' lang='grc' dir='ltr'><strong><em>πόνοις,</em></strong></span> 
     </span>
    </p>

    <p class='ocr_par' dir='ltr' id='par_1_9' title="bbox 254 2989 1537 3375">
     <span class='ocr_line' id='line_1_25' title="bbox 468 2989 937 3072; baseline -0.002 -22"><span class='ocrx_word' id='word_1_214' title='bbox 468 2989 520 3051; x_wconf 86' lang='grc' dir='ltr'><strong><em>τὸν</em></strong></span> <span class='ocrx_word' id='word_1_215' title='bbox 548 2991 680 3066; x_wconf 81' lang='grc' dir='ltr'><strong><em>Κτησίαν</em></strong></span> <span class='ocrx_word' id='word_1_216' title='bbox 702 3013 733 3051; x_wconf 84' lang='grc' dir='ltr'><strong>τε</strong></span> <span class='ocrx_word' id='word_1_217' title='bbox 754 3000 794 3072; x_wconf 77' lang='grc' dir='ltr'><strong>τῷ</strong></span> <span class='ocrx_word' id='word_1_218' title='bbox 819 2995 937 3070; x_wconf 77' lang='grc' dir='ltr'><strong><em>φαγεῖν.</em></strong></span> 
     </span>
     <span class='ocr_line' id='line_1_26' title="bbox 255 3088 1537 3177; baseline 0.001 -25"><span class='ocrx_word' id='word_1_219' title='bbox 255 3092 310 3154; x_wconf 90' lang='lat' dir='ltr'><strong>Vs.</strong></span> <span class='ocrx_word' id='word_1_220' title='bbox 335 3095 362 3153; x_wconf 91' lang='lat'><strong>1.</strong></span> <span class='ocrx_word' id='word_1_221' title='bbox 388 3092 558 3167; x_wconf 83' lang='lat' dir='ltr'><strong>Synizesin</strong></span> <span class='ocrx_word' id='word_1_222' title='bbox 578 3094 713 3154; x_wconf 88' lang='lat' dir='ltr'><strong>comicis</strong></span> <span class='ocrx_word' id='word_1_223' title='bbox 733 3093 957 3154; x_wconf 86' lang='lat' dir='ltr'><strong>abiudicantes</strong></span> <span class='ocrx_word' id='word_1_224' title='bbox 976 3092 1115 3152; x_wconf 86' lang='lat' dir='ltr'><strong>Diodori</strong></span> <span class='ocrx_word' id='word_1_225' title='bbox 1131 3091 1185 3176; x_wconf 72' lang='lat' dir='ltr'><strong>dp,</strong></span> <span class='ocrx_word' id='word_1_226' title='bbox 1204 3092 1351 3154; x_wconf 86' lang='lat' dir='ltr'><strong>Meineke</strong></span> <span class='ocrx_word' id='word_1_227' title='bbox 1370 3088 1426 3152; x_wconf 75' lang='lat' dir='ltr'><strong>adv</strong></span> <span class='ocrx_word' id='word_1_228' title='bbox 1447 3092 1451 3165; x_wconf 85' lang='grc' dir='ltr'>Ι</span> <span class='ocrx_word' id='word_1_229' title='bbox 1474 3092 1537 3177; x_wconf 75' lang='grc' dir='ltr'><strong><em>δέῃ,</em></strong></span> 
     </span>
     <span class='ocr_line' id='line_1_27' title="bbox 254 3195 1533 3270; baseline 0.001 -14"><span class='ocrx_word' id='word_1_230' title='bbox 254 3196 352 3256; x_wconf 82' lang='lat' dir='ltr'><strong>scribi</strong></span> <span class='ocrx_word' id='word_1_231' title='bbox 375 3195 499 3256; x_wconf 88' lang='lat' dir='ltr'><strong>iubent.</strong></span> <span class='ocrx_word' id='word_1_232' title='bbox 523 3196 568 3256; x_wconf 86' lang='lat' dir='ltr'><strong>At</strong></span> <span class='ocrx_word' id='word_1_233' title='bbox 597 3195 637 3256; x_wconf 87' lang='lat' dir='ltr'><strong>ei.</strong></span> <span class='ocrx_word' id='word_1_234' title='bbox 662 3195 828 3270; x_wconf 80' lang='lat' dir='ltr'><strong>Eupolidis</strong></span> <span class='ocrx_word' id='word_1_235' title='bbox 859 3211 982 3256; x_wconf 86' lang='lat' dir='ltr'><strong>novum</strong></span> <span class='ocrx_word' id='word_1_236' title='bbox 1006 3195 1044 3256; x_wconf 87' lang='lat' dir='ltr'><strong>ir.</strong></span> <span class='ocrx_word' id='word_1_237' title='bbox 1068 3195 1102 3254; x_wconf 88' lang='lat' dir='ltr'><strong>in</strong></span> <span class='ocrx_word' id='word_1_238' title='bbox 1128 3196 1312 3256; x_wconf 84' lang='lat' dir='ltr'><strong>Philetaero</strong></span> <span class='ocrx_word' id='word_1_239' title='bbox 1336 3195 1409 3258; x_wconf 85' lang='lat' dir='ltr'><strong>Vat.</strong></span> <span class='ocrx_word' id='word_1_240' title='bbox 1438 3196 1533 3266; x_wconf 86' lang='lat' dir='ltr'><strong>(Men.</strong></span> 
     </span>
     <span class='ocr_line' id='line_1_28' title="bbox 258 3296 1185 3375; baseline -0.004 -17"><span class='ocrx_word' id='word_1_241' title='bbox 258 3298 362 3358; x_wconf 88' lang='lat' dir='ltr'><strong>Rhen.</strong></span> <span class='ocrx_word' id='word_1_242' title='bbox 390 3297 484 3372; x_wconf 88' lang='grc'><strong><em>1888,</em></strong></span> <span class='ocrx_word' id='word_1_243' title='bbox 509 3299 600 3374; x_wconf 84' lang='grc'><strong>414),</strong></span> <span class='ocrx_word' id='word_1_244' title='bbox 625 3297 680 3358; x_wconf 92' lang='lat' dir='ltr'><strong>ubi</strong></span> <span class='ocrx_word' id='word_1_245' title='bbox 703 3296 852 3375; x_wconf 79' lang='grc' dir='ltr'><strong><em>κεραμέως</em></strong></span> <span class='ocrx_word' id='word_1_246' title='bbox 875 3301 927 3358; x_wconf 89' lang='lat' dir='ltr'><strong>est</strong></span> <span class='ocrx_word' id='word_1_247' title='bbox 950 3296 1185 3372; x_wconf 84' lang='lat' dir='ltr'><strong>trisyllabum..</strong></span> 
     </span>
    </p>

    <p class='ocr_par' dir='ltr' id='par_1_10' title="bbox 213 3397 1533 3882">
     <span class='ocr_line' id='line_1_29' title="bbox 213 3397 1532 3476; baseline 0.002 -17"><span class='ocrx_word' id='word_1_248' title='bbox 213 3399 265 3460; x_wconf 80' lang='lat' dir='ltr'><strong>Fr.</strong></span> <span class='ocrx_word' id='word_1_249' title='bbox 289 3402 319 3475; x_wconf 82' lang='lat'><strong>4,</strong></span> <span class='ocrx_word' id='word_1_250' title='bbox 345 3401 375 3460; x_wconf 87' lang='lat'><strong>3.</strong></span> <span class='ocrx_word' id='word_1_251' title='bbox 411 3399 444 3460; x_wconf 81' lang='lat' dir='ltr'><strong>Si</strong></span> <span class='ocrx_word' id='word_1_252' title='bbox 473 3403 562 3461; x_wconf 85' lang='lat' dir='ltr'><strong>recte</strong></span> <span class='ocrx_word' id='word_1_253' title='bbox 593 3399 751 3460; x_wconf 88' lang='lat' dir='ltr'><strong>traditum</strong></span> <span class='ocrx_word' id='word_1_254' title='bbox 780 3403 833 3461; x_wconf 86' lang='lat' dir='ltr'><strong>est</strong></span> <span class='ocrx_word' id='word_1_255' title='bbox 862 3397 1107 3476; x_wconf 77' lang='grc' dir='ltr'><strong>νὴ(Μο1ο.·μὰ)</strong></span> <span class='ocrx_word' id='word_1_256' title='bbox 1132 3399 1205 3474; x_wconf 85' lang='grc' dir='ltr'><strong><em>Δία,</em></strong></span> <span class='ocrx_word' id='word_1_257' title='bbox 1233 3399 1343 3474; x_wconf 88' lang='lat' dir='ltr'><strong>potius</strong></span> <span class='ocrx_word' id='word_1_258' title='bbox 1366 3401 1414 3460; x_wconf 87' lang='lat' dir='ltr'><strong>sic</strong></span> <span class='ocrx_word' id='word_1_259' title='bbox 1438 3401 1532 3462; x_wconf 93' lang='lat' dir='ltr'><strong>inter·</strong></span> 
     </span>
     <span class='ocr_line' id='line_1_30' title="bbox 257 3496 1533 3579; baseline -0.002 -18"><span class='ocrx_word' id='word_1_260' title='bbox 257 3504 438 3577; x_wconf 77' lang='lat' dir='ltr'><strong>pungatur:</strong></span> <span class='ocrx_word' id='word_1_261' title='bbox 463 3500 646 3579; x_wconf 79' lang='grc' dir='ltr'><strong><em>Κανθάρου,</em></strong></span> <span class='ocrx_word' id='word_1_262' title='bbox 670 3509 810 3579; x_wconf 80' lang='grc' dir='ltr'><strong><em>πενιχροῦ</em></strong></span> <span class='ocrx_word' id='word_1_263' title='bbox 833 3500 915 3560; x_wconf 80' lang='grc' dir='ltr'><strong><em>πάνυ</em></strong></span> <span class='ocrx_word' id='word_1_264' title='bbox 939 3496 997 3560; x_wconf 71' lang='grc' dir='ltr'><strong>ἀλλ’</strong></span> <span class='ocrx_word' id='word_1_265' title='bbox 1024 3498 1061 3561; x_wconf 81' lang='grc' dir='ltr'><strong>οὐ</strong></span> <span class='ocrx_word' id='word_1_266' title='bbox 1084 3500 1249 3578; x_wconf 82' lang='grc' dir='ltr'><strong><em>τυράννου,</em></strong></span> <span class='ocrx_word' id='word_1_267' title='bbox 1273 3497 1311 3576; x_wconf 72' lang='grc' dir='ltr'><strong><em>νὴ</em></strong></span> <span class='ocrx_word' id='word_1_268' title='bbox 1335 3501 1408 3575; x_wconf 89' lang='grc' dir='ltr'><strong><em>Δία,</em></strong></span> <span class='ocrx_word' id='word_1_269' title='bbox 1431 3517 1472 3561; x_wconf 85' lang='lat' dir='ltr'><strong>ne</strong></span> <span class='ocrx_word' id='word_1_270' title='bbox 1496 3499 1533 3578; x_wconf 77' lang='grc' dir='ltr'><strong><em>νὴ</em></strong></span> 
     </span>
     <span class='ocr_line' id='line_1_31' title="bbox 258 3600 1532 3678; baseline 0.002 -18"><span class='ocrx_word' id='word_1_271' title='bbox 258 3600 317 3661; x_wconf 83' lang='grc' dir='ltr'><strong>Δία</strong></span> <span class='ocrx_word' id='word_1_272' title='bbox 348 3606 440 3664; x_wconf 88' lang='lat' dir='ltr'><strong>coeat</strong></span> <span class='ocrx_word' id='word_1_273' title='bbox 470 3618 545 3663; x_wconf 87' lang='lat' dir='ltr'><strong>cum</strong></span> <span class='ocrx_word' id='word_1_274' title='bbox 575 3603 759 3678; x_wconf 81' lang='lat' dir='ltr'><strong>negatione.</strong></span> <span class='ocrx_word' id='word_1_275' title='bbox 793 3603 866 3663; x_wconf 83' lang='lat' dir='ltr'><strong>Alia</strong></span> <span class='ocrx_word' id='word_1_276' title='bbox 889 3603 977 3663; x_wconf 91' lang='lat' dir='ltr'><strong>enirn</strong></span> <span class='ocrx_word' id='word_1_277' title='bbox 1007 3606 1059 3663; x_wconf 89' lang='lat' dir='ltr'><strong>est</strong></span> <span class='ocrx_word' id='word_1_278' title='bbox 1082 3601 1202 3676; x_wconf 92' lang='lat' dir='ltr'><strong>Diphili</strong></span> <span class='ocrx_word' id='word_1_279' title='bbox 1226 3602 1264 3662; x_wconf 90' lang='lat' dir='ltr'><strong>ir.</strong></span> <span class='ocrx_word' id='word_1_280' title='bbox 1289 3603 1341 3676; x_wconf 80' lang='lat'><strong>32,</strong></span> <span class='ocrx_word' id='word_1_281' title='bbox 1367 3603 1423 3676; x_wconf 78' lang='lat'><strong>25,</strong></span> <span class='ocrx_word' id='word_1_282' title='bbox 1448 3602 1532 3675; x_wconf 86' lang='lat' dir='ltr'><strong>quod</strong></span> 
     </span>
     <span class='ocr_line' id='line_1_32' title="bbox 256 3695 1533 3780; baseline -0.001 -15"><span class='ocrx_word' id='word_1_283' title='bbox 256 3704 415 3765; x_wconf 85' lang='lat' dir='ltr'><strong>bleinelrio</strong></span> <span class='ocrx_word' id='word_1_284' title='bbox 450 3703 568 3765; x_wconf 88' lang='lat' dir='ltr'><strong>obiecit</strong></span> <span class='ocrx_word' id='word_1_285' title='bbox 603 3704 707 3779; x_wconf 85' lang='lat' dir='ltr'><strong>Kock,</strong></span> <span class='ocrx_word' id='word_1_286' title='bbox 744 3706 841 3780; x_wconf 87' lang='lat' dir='ltr'><strong>ratio,</strong></span> <span class='ocrx_word' id='word_1_287' title='bbox 876 3704 932 3765; x_wconf 91' lang='lat' dir='ltr'><strong>ubi</strong></span> <span class='ocrx_word' id='word_1_288' title='bbox 968 3704 1048 3764; x_wconf 88' lang='lat' dir='ltr'><strong>haec</strong></span> <span class='ocrx_word' id='word_1_289' title='bbox 1083 3695 1225 3764; x_wconf 78' lang='lat' dir='ltr'><strong>formula</strong></span> <span class='ocrx_word' id='word_1_290' title='bbox 1254 3704 1432 3778; x_wconf 78' lang='lat' dir='ltr'><strong>antecedit,</strong></span> <span class='ocrx_word' id='word_1_291' title='bbox 1468 3719 1533 3764; x_wconf 92' lang='lat' dir='ltr'><strong>non</strong></span> 
     </span>
     <span class='ocr_line' id='line_1_33' title="bbox 255 3804 1014 3882; baseline 0 -17"><span class='ocrx_word' id='word_1_292' title='bbox 255 3807 403 3881; x_wconf 87' lang='lat' dir='ltr'><strong>sequitur</strong></span> <span class='ocrx_word' id='word_1_293' title='bbox 426 3806 650 3882; x_wconf 81' lang='lat' dir='ltr'><strong>negationem,</strong></span> <span class='ocrx_word' id='word_1_294' title='bbox 675 3808 712 3867; x_wconf 90' lang='lat' dir='ltr'><strong>ut</strong></span> <span class='ocrx_word' id='word_1_295' title='bbox 736 3806 818 3867; x_wconf 89' lang='lat' dir='ltr'><strong>vidit</strong></span> <span class='ocrx_word' id='word_1_296' title='bbox 839 3806 942 3866; x_wconf 89' lang='lat' dir='ltr'><strong>etiam</strong></span> <span class='ocrx_word' id='word_1_297' title='bbox 965 3804 1014 3866; x_wconf 90' lang='lat' dir='ltr'><strong>Bl.</strong></span> 
     </span>
    </p>

    <p class='ocr_par' dir='ltr' id='par_1_11' title="bbox 212 3906 1531 4087">
     <span class='ocr_line' id='line_1_34' title="bbox 212 3906 1530 3986; baseline 0.001 -19"><span class='ocrx_word' id='word_1_298' title='bbox 212 3906 263 3968; x_wconf 78' lang='lat' dir='ltr'><strong>Fr.</strong></span> <span class='ocrx_word' id='word_1_299' title='bbox 290 3909 319 3982; x_wconf 80' lang='lat' dir='ltr'><strong>b,</strong></span> <span class='ocrx_word' id='word_1_300' title='bbox 347 3909 375 3968; x_wconf 88' lang='lat'><strong>1.</strong></span> <span class='ocrx_word' id='word_1_301' title='bbox 398 3907 537 3986; x_wconf 81' lang='grc' dir='ltr'><strong><em>τακερόν,</em></strong></span> <span class='ocrx_word' id='word_1_302' title='bbox 559 3911 692 3985; x_wconf 89' lang='lat' dir='ltr'><strong>putre.</strong></span> <span class='ocrx_word' id='word_1_303' title='bbox 716 3907 764 3969; x_wconf 82' lang='lat' dir='ltr'><strong>cf.</strong></span> <span class='ocrx_word' id='word_1_304' title='bbox 783 3908 860 3968; x_wconf 91' lang='lat' dir='ltr'><strong>Hor.</strong></span> <span class='ocrx_word' id='word_1_305' title='bbox 882 3906 1242 3981; x_wconf 78' lang='lat' dir='ltr'><strong>earm.13d‚17.Nos</strong></span> <span class='ocrx_word' id='word_1_306' title='bbox 1265 3907 1530 3984; x_wconf 88' lang='lat' dir='ltr'><strong>smaohtend‚</strong></span> 
     </span>
     <span class='ocr_line' id='line_1_35' title="bbox 253 4005 1531 4087; baseline -0.004 -16"><span class='ocrx_word' id='word_1_307' title='bbox 253 4011 475 4071; x_wconf 86' lang='lat' dir='ltr'><strong>smeltend.</strong></span> <span class='ocrx_word' id='word_1_308' title='bbox 496 4013 610 4072; x_wconf 87' lang='lat' dir='ltr'><strong>Moneo</strong></span> <span class='ocrx_word' id='word_1_309' title='bbox 627 4014 758 4087; x_wconf 89' lang='lat' dir='ltr'><strong>propter</strong></span> <span class='ocrx_word' id='word_1_310' title='bbox 769 4010 982 4071; x_wconf 80' lang='lat' dir='ltr'><strong>temerariam</strong></span> <span class='ocrx_word' id='word_1_311' title='bbox 995 4008 1161 4083; x_wconf 87' lang='lat' dir='ltr'><strong>Blaydesii</strong></span> <span class='ocrx_word' id='word_1_312' title='bbox 1175 4009 1397 4071; x_wconf 88' lang='lat' dir='ltr'><strong>coniecturam</strong></span> <span class='ocrx_word' id='word_1_313' title='bbox 1409 4005 1531 4087; x_wconf 78' lang='lat' dir='ltr'><strong>dyevdv.</strong></span> 
     </span>
    </p>

    <p class='ocr_par' dir='ltr' id='par_1_12' title="bbox 210 4109 1531 4696">
     <span class='ocr_line' id='line_1_36' title="bbox 210 4109 1530 4188; baseline -0.002 -16"><span class='ocrx_word' id='word_1_314' title='bbox 210 4111 262 4172; x_wconf 80' lang='lat' dir='ltr'><strong>Fr.</strong></span> <span class='ocrx_word' id='word_1_315' title='bbox 288 4112 317 4188; x_wconf 83' lang='grc'><strong><em>7,</em></strong></span> <span class='ocrx_word' id='word_1_316' title='bbox 343 4112 362 4171; x_wconf 82' lang='lat'><strong>2</strong></span> <span class='ocrx_word' id='word_1_317' title='bbox 386 4116 420 4173; x_wconf 92' lang='lat' dir='ltr'><strong>et</strong></span> <span class='ocrx_word' id='word_1_318' title='bbox 443 4116 473 4188; x_wconf 85' lang='lat'><strong>9,</strong></span> <span class='ocrx_word' id='word_1_319' title='bbox 498 4116 516 4173; x_wconf 88' lang='lat'>5</span> <span class='ocrx_word' id='word_1_320' title='bbox 542 4113 747 4173; x_wconf 85' lang='lat' dir='ltr'><strong>coniecturas</strong></span> <span class='ocrx_word' id='word_1_321' title='bbox 771 4127 877 4186; x_wconf 84' lang='lat' dir='ltr'><strong>meas,</strong></span> <span class='ocrx_word' id='word_1_322' title='bbox 901 4111 1115 4186; x_wconf 83' lang='lat' dir='ltr'><strong>impugnatae</strong></span> <span class='ocrx_word' id='word_1_323' title='bbox 1138 4125 1158 4170; x_wconf 87' lang='lat' dir='ltr'><strong>a</strong></span> <span class='ocrx_word' id='word_1_324' title='bbox 1180 4109 1318 4185; x_wconf 80' lang='lat' dir='ltr'><strong>Koclrm,</strong></span> <span class='ocrx_word' id='word_1_325' title='bbox 1344 4111 1458 4185; x_wconf 92' lang='lat' dir='ltr'><strong>probat</strong></span> <span class='ocrx_word' id='word_1_326' title='bbox 1482 4111 1530 4170; x_wconf 93' lang='lat' dir='ltr'><strong>Bl.</strong></span> 
     </span>
     <span class='ocr_line' id='line_1_37' title="bbox 254 4211 1529 4290; baseline -0.002 -17"><span class='ocrx_word' id='word_1_327' title='bbox 254 4230 284 4290; x_wconf 94' lang='lat' dir='ltr'><strong>p.</strong></span> <span class='ocrx_word' id='word_1_328' title='bbox 311 4215 384 4274; x_wconf 83' lang='lat'>139.</span> <span class='ocrx_word' id='word_1_329' title='bbox 416 4215 600 4275; x_wconf 84' lang='lat' dir='ltr'><strong>Posteriora</strong></span> <span class='ocrx_word' id='word_1_330' title='bbox 631 4214 701 4275; x_wconf 88' lang='lat' dir='ltr'><strong>loco</strong></span> <span class='ocrx_word' id='word_1_331' title='bbox 725 4229 840 4289; x_wconf 87' lang='lat' dir='ltr'><strong>perse</strong></span> <span class='ocrx_word' id='word_1_332' title='bbox 867 4212 999 4288; x_wconf 88' lang='lat' dir='ltr'><strong>quidem</strong></span> <span class='ocrx_word' id='word_1_333' title='bbox 1026 4213 1160 4287; x_wconf 85' lang='lat' dir='ltr'><strong>vulgata</strong></span> <span class='ocrx_word' id='word_1_334' title='bbox 1182 4212 1278 4272; x_wconf 88' lang='lat' dir='ltr'><strong>lectio</strong></span> <span class='ocrx_word' id='word_1_335' title='bbox 1302 4211 1443 4271; x_wconf 81' lang='lat' dir='ltr'><strong>tortasse</strong></span> <span class='ocrx_word' id='word_1_336' title='bbox 1466 4226 1529 4271; x_wconf 93' lang='lat' dir='ltr'><strong>non</strong></span> 
     </span>
     <span class='ocr_line' id='line_1_38' title="bbox 254 4313 1530 4392; baseline -0.003 -15"><span class='ocrx_word' id='word_1_337' title='bbox 254 4317 350 4391; x_wconf 89' lang='lat' dir='ltr'><strong>plane</strong></span> <span class='ocrx_word' id='word_1_338' title='bbox 374 4320 464 4377; x_wconf 87' lang='lat' dir='ltr'><strong>caret</strong></span> <span class='ocrx_word' id='word_1_339' title='bbox 486 4316 661 4391; x_wconf 67' lang='lat' dir='ltr'><strong>exemplis</strong></span> <span class='ocrx_word' id='word_1_340' title='bbox 686 4316 745 4376; x_wconf 90' lang='lat' dir='ltr'><strong>sed</strong></span> <span class='ocrx_word' id='word_1_341' title='bbox 769 4330 886 4392; x_wconf 89' lang='lat' dir='ltr'><strong>parum</strong></span> <span class='ocrx_word' id='word_1_342' title='bbox 909 4315 1075 4390; x_wconf 91' lang='lat' dir='ltr'><strong>probabile</strong></span> <span class='ocrx_word' id='word_1_343' title='bbox 1095 4319 1148 4375; x_wconf 92' lang='lat' dir='ltr'><strong>est</strong></span> <span class='ocrx_word' id='word_1_344' title='bbox 1167 4317 1297 4389; x_wconf 91' lang='lat' dir='ltr'><strong>poetam</strong></span> <span class='ocrx_word' id='word_1_345' title='bbox 1318 4313 1530 4387; x_wconf 87' lang='lat' dir='ltr'><strong>permittente</strong></span> 
     </span>
     <span class='ocr_line' id='line_1_39' title="bbox 253 4414 1531 4492; baseline -0.004 -14"><span class='ocrx_word' id='word_1_346' title='bbox 253 4421 359 4479; x_wconf 87' lang='lat' dir='ltr'><strong>metro</strong></span> <span class='ocrx_word' id='word_1_347' title='bbox 383 4417 553 4492; x_wconf 81' lang='lat' dir='ltr'><strong>evulgari</strong></span> <span class='ocrx_word' id='word_1_348' title='bbox 576 4417 737 4477; x_wconf 85' lang='lat' dir='ltr'><strong>scribendi</strong></span> <span class='ocrx_word' id='word_1_349' title='bbox 761 4433 824 4477; x_wconf 87' lang='lat' dir='ltr'><strong>usu</strong></span> <span class='ocrx_word' id='word_1_350' title='bbox 846 4416 1038 4478; x_wconf 87' lang='lat' dir='ltr'><strong>descivisse.</strong></span> <span class='ocrx_word' id='word_1_351' title='bbox 1061 4450 1099 4459; x_wconf 91' lang='lat'><em>-</em></span> <span class='ocrx_word' id='word_1_352' title='bbox 1124 4415 1181 4475; x_wconf 86' lang='lat' dir='ltr'><strong>Vs.</strong></span> <span class='ocrx_word' id='word_1_353' title='bbox 1207 4417 1238 4477; x_wconf 83' lang='lat'><strong>6.</strong></span> <span class='ocrx_word' id='word_1_354' title='bbox 1261 4416 1332 4475; x_wconf 89' lang='lat' dir='ltr'><strong>Non</strong></span> <span class='ocrx_word' id='word_1_355' title='bbox 1356 4414 1450 4474; x_wconf 88' lang='lat' dir='ltr'><strong>video</strong></span> <span class='ocrx_word' id='word_1_356' title='bbox 1474 4429 1531 4474; x_wconf 87' lang='lat' dir='ltr'><strong>eur</strong></span> 
     </span>
     <span class='ocr_line' id='line_1_40' title="bbox 253 4512 1529 4599; baseline -0.002 -21"><span class='ocrx_word' id='word_1_357' title='bbox 253 4517 291 4578; x_wconf 84' lang='lat' dir='ltr'><strong>od</strong></span> <span class='ocrx_word' id='word_1_358' title='bbox 313 4516 387 4599; x_wconf 76' lang='grc' dir='ltr'><strong>λέγω</strong></span> <span class='ocrx_word' id='word_1_359' title='bbox 422 4520 472 4590; x_wconf 88' lang='lat' dir='ltr'><strong>(ci.</strong></span> <span class='ocrx_word' id='word_1_360' title='bbox 498 4521 515 4579; x_wconf 83' lang='lat'><strong>7</strong></span> <span class='ocrx_word' id='word_1_361' title='bbox 541 4523 653 4588; x_wconf 79' lang='grc' dir='ltr'><strong><em>σιωπῶ)</em></strong></span> <span class='ocrx_word' id='word_1_362' title='bbox 681 4534 757 4579; x_wconf 86' lang='lat' dir='ltr'><strong>cum</strong></span> <span class='ocrx_word' id='word_1_363' title='bbox 780 4519 904 4579; x_wconf 80' lang='lat' dir='ltr'><strong>Koelrio</strong></span> <span class='ocrx_word' id='word_1_364' title='bbox 928 4521 1099 4578; x_wconf 87' lang='lat' dir='ltr'><strong>mutemus</strong></span> <span class='ocrx_word' id='word_1_365' title='bbox 1122 4517 1154 4576; x_wconf 89' lang='lat' dir='ltr'><strong>in</strong></span> <span class='ocrx_word' id='word_1_366' title='bbox 1179 4523 1239 4575; x_wconf 85' lang='grc' dir='ltr'><strong>ποῦ</strong></span> <span class='ocrx_word' id='word_1_367' title='bbox 1261 4512 1349 4594; x_wconf 60' lang='grc' dir='ltr'><strong>λέγω</strong></span> <span class='ocrx_word' id='word_1_368' title='bbox 1372 4530 1433 4575; x_wconf 90' lang='lat' dir='ltr'><strong>nec</strong></span> <span class='ocrx_word' id='word_1_369' title='bbox 1454 4517 1483 4590; x_wconf 83' lang='lat'><strong>7,</strong></span> <span class='ocrx_word' id='word_1_370' title='bbox 1510 4518 1529 4575; x_wconf 81' lang='lat' dir='ltr'><strong>d</strong></span> 
     </span>
     <span class='ocr_line' id='line_1_41' title="bbox 253 4615 1396 4696; baseline -0.003 -17"><span class='ocrx_word' id='word_1_371' title='bbox 253 4620 334 4681; x_wconf 79' lang='grc' dir='ltr'><strong><em>πάνυ</em></strong></span> <span class='ocrx_word' id='word_1_372' title='bbox 358 4638 433 4682; x_wconf 83' lang='lat' dir='ltr'><strong>cum</strong></span> <span class='ocrx_word' id='word_1_373' title='bbox 457 4621 505 4681; x_wconf 92' lang='lat' dir='ltr'><strong>Bl.</strong></span> <span class='ocrx_word' id='word_1_374' title='bbox 530 4621 688 4680; x_wconf 74' lang='lat' dir='ltr'><strong>mutarim</strong></span> <span class='ocrx_word' id='word_1_375' title='bbox 713 4621 745 4680; x_wconf 89' lang='lat' dir='ltr'><strong>in</strong></span> <span class='ocrx_word' id='word_1_376' title='bbox 769 4621 861 4694; x_wconf 73' lang='grc' dir='ltr'><strong><em>πολύ,</em></strong></span> <span class='ocrx_word' id='word_1_377' title='bbox 884 4622 945 4679; x_wconf 77' lang='lat' dir='ltr'><strong>aut</strong></span> <span class='ocrx_word' id='word_1_378' title='bbox 967 4620 998 4696; x_wconf 84' lang='lat'><strong>9,</strong></span> <span class='ocrx_word' id='word_1_379' title='bbox 1024 4620 1042 4678; x_wconf 83' lang='grc'>2</span> <span class='ocrx_word' id='word_1_380' title='bbox 1068 4615 1165 4696; x_wconf 76' lang='grc' dir='ltr'><strong><em>ἀηδής</em></strong></span> <span class='ocrx_word' id='word_1_381' title='bbox 1189 4619 1222 4677; x_wconf 86' lang='lat' dir='ltr'><strong>in</strong></span> <span class='ocrx_word' id='word_1_382' title='bbox 1247 4615 1396 4692; x_wconf 82' lang='grc' dir='ltr'><strong>δυσειδής.</strong></span> 
     </span>
    </p>

    <p class='ocr_par' dir='ltr' id='par_1_13' title="bbox 210 4716 1529 5002">
     <span class='ocr_line' id='line_1_42' title="bbox 210 4716 1529 4799; baseline -0.005 -18"><span class='ocrx_word' id='word_1_383' title='bbox 210 4721 260 4782; x_wconf 78' lang='lat' dir='ltr'><strong>Fr.</strong></span> <span class='ocrx_word' id='word_1_384' title='bbox 287 4725 337 4784; x_wconf 92' lang='lat'><strong>11.</strong></span> <span class='ocrx_word' id='word_1_385' title='bbox 373 4722 577 4784; x_wconf 79' lang='lat' dir='ltr'><strong>coniecturis</strong></span> <span class='ocrx_word' id='word_1_386' title='bbox 611 4721 702 4781; x_wconf 85' lang='lat' dir='ltr'><strong>addit</strong></span> <span class='ocrx_word' id='word_1_387' title='bbox 725 4721 774 4781; x_wconf 91' lang='lat' dir='ltr'><strong>Bl.</strong></span> <span class='ocrx_word' id='word_1_388' title='bbox 809 4721 901 4798; x_wconf 84' lang='grc' dir='ltr'><strong><em>πόρος</em></strong></span> <span class='ocrx_word' id='word_1_389' title='bbox 936 4723 995 4781; x_wconf 90' lang='lat' dir='ltr'><strong>aut</strong></span> <span class='ocrx_word' id='word_1_390' title='bbox 1027 4720 1123 4799; x_wconf 78' lang='grc' dir='ltr'><strong><em>ῖόγος.</em></strong></span> <span class='ocrx_word' id='word_1_391' title='bbox 1153 4718 1234 4795; x_wconf 77' lang='lat' dir='ltr'><strong>Quid</strong></span> <span class='ocrx_word' id='word_1_392' title='bbox 1265 4717 1358 4797; x_wconf 85' lang='grc' dir='ltr'><strong><em>πόρος</em></strong></span> <span class='ocrx_word' id='word_1_393' title='bbox 1388 4718 1440 4778; x_wconf 89' lang='lat' dir='ltr'><strong>hic</strong></span> <span class='ocrx_word' id='word_1_394' title='bbox 1465 4716 1529 4779; x_wconf 86' lang='lat' dir='ltr'><strong>sibi</strong></span> 
     </span>
     <span class='ocr_line' id='line_1_43' title="bbox 253 4818 1526 4901; baseline -0.005 -18"><span class='ocrx_word' id='word_1_395' title='bbox 253 4824 345 4901; x_wconf 85' lang='lat' dir='ltr'><strong>velit,</strong></span> <span class='ocrx_word' id='word_1_396' title='bbox 370 4826 467 4900; x_wconf 94' lang='lat' dir='ltr'><strong>plane</strong></span> <span class='ocrx_word' id='word_1_397' title='bbox 489 4840 543 4884; x_wconf 91' lang='lat' dir='ltr'><strong>me</strong></span> <span class='ocrx_word' id='word_1_398' title='bbox 566 4823 659 4884; x_wconf 89' lang='lat' dir='ltr'><strong>latet.</strong></span> <span class='ocrx_word' id='word_1_399' title='bbox 682 4822 804 4883; x_wconf 87' lang='lat' dir='ltr'><strong>Veram</strong></span> <span class='ocrx_word' id='word_1_400' title='bbox 832 4823 929 4883; x_wconf 86' lang='lat' dir='ltr'><strong>lectio</strong></span> <span class='ocrx_word' id='word_1_401' title='bbox 952 4823 1099 4883; x_wconf 90' lang='lat' dir='ltr'><strong>nondum</strong></span> <span class='ocrx_word' id='word_1_402' title='bbox 1123 4822 1259 4882; x_wconf 88' lang='lat' dir='ltr'><strong>inventa</strong></span> <span class='ocrx_word' id='word_1_403' title='bbox 1282 4820 1421 4881; x_wconf 90' lang='lat' dir='ltr'><strong>videtur.</strong></span> <span class='ocrx_word' id='word_1_404' title='bbox 1446 4818 1526 4879; x_wconf 81' lang='lat' dir='ltr'><strong>Cum</strong></span> 
     </span>
     <span class='ocr_line' id='line_1_44' title="bbox 253 4920 1343 5002; baseline -0.004 -16"><span class='ocrx_word' id='word_1_405' title='bbox 253 4926 375 4988; x_wconf 86' lang='lat' dir='ltr'><strong>Koelrio</strong></span> <span class='ocrx_word' id='word_1_406' title='bbox 398 4929 589 5000; x_wconf 82' lang='lat' dir='ltr'><strong>suspectum</strong></span> <span class='ocrx_word' id='word_1_407' title='bbox 613 4925 717 4985; x_wconf 89' lang='lat' dir='ltr'><strong>habeo</strong></span> <span class='ocrx_word' id='word_1_408' title='bbox 739 4920 974 5002; x_wconf 75' lang='grc' dir='ltr'><strong><em>ἀμπαλίνορρος,</em></strong></span> <span class='ocrx_word' id='word_1_409' title='bbox 996 4924 1073 4984; x_wconf 88' lang='lat' dir='ltr'><strong>licet</strong></span> <span class='ocrx_word' id='word_1_410' title='bbox 1096 4922 1272 4984; x_wconf 87' lang='lat' dir='ltr'><strong>dissentiat</strong></span> <span class='ocrx_word' id='word_1_411' title='bbox 1294 4921 1343 4982; x_wconf 91' lang='lat' dir='ltr'><strong>Bl.</strong></span> 
     </span>
    </p>
   </div>
   <div class='ocr_carea' id='block_1_4' title="bbox 0 0 1756 5512">
    <p class='ocr_par' dir='ltr' id='par_1_14' title="bbox 0 0 1756 5512">
     <span class='ocr_line' id='line_1_45' title="bbox 0 0 1756 5512; baseline 0 4"><span class='ocrx_word' id='word_1_412' title='bbox 0 0 1756 5512; x_wconf 95' lang='lat' dir='ltr'><strong> </strong></span> 
     </span>
    </p>
   </div>
  </div>
 </body>
</html>
