3502 5512
893 373 955 434 158

305 563 383 622 dare
412 560 528 635 potuit.
561 560 665 636 Quam
697 560 918 636 suspicionem
949 561 1076 635 siquis
1100 561 1236 621 utiusto
1260 560 1468 621 audaciorem
1492 576 1589 636 repu-

305 665 458 737 diaverit,
483 663 624 723 sortasse
647 661 796 737 probabit
819 661 978 723 leniorem
1001 663 1119 722 hance:

450 764 512 841 3ss
535 758 590 841 μετ’
617 760 738 841 ἄριστον
761 762 818 842 γὰρ
842 760 884 834 ἃς
908 761 1081 842 ἀμυγδαλᾶς
1106 753 1159 832 (ὧν
1183 761 1400 842 ίιμυμδαλῶνῗ)

450 863 611 944 παρέθηκα
634 862 685 923 καί
707 873 766 924 τῶν
788 863 911 944 ῥοιδίων
934 863 1108 944 ἐτρώγομεν.

305 969 367 1028 Sed
399 972 536 1043 utroque
566 967 751 1027 tentamine
781 968 849 1026 veri
878 967 1018 1027 similior
1044 968 1127 1027 mihi
1151 967 1280 1027 videtur
1303 967 1490 1027 coniectura
1514 980 1588 1040 poe·

305 1073 375 1131 tarn
399 1070 590 1145 scripsisse:

573 1167 779 1247 ἀριστίσας
802 1167 859 1249 γὰρ
883 1166 919 1240 ἃς
943 1167 1117 1249 ἀμυγδαλίις
1141 1167 1197 1248 ἐγὼ
1220 1166 1276 1227 κτὲ.

305 1276 355 1348 ut,
387 1275 521 1333 servato
552 1270 760 1346 pronomine,
793 1265 849 1346 μετ’
876 1268 998 1348 ἄριστον
1021 1271 1181 1331 habeatur
1203 1285 1261 1345 pro
1293 1270 1391 1330 huius
1421 1269 1588 1344 participii

305 1375 609 1449 interpretamento.

260 1479 310 1536 Fr.
339 1477 411 1536 158.
436 1474 610 1535 Formulae
633 1470 708 1531 κατὰ
731 1470 824 1550 μονὰς
848 1474 895 1533 Bl.
920 1477 994 1534 octo
1018 1474 1113 1534 affert
1135 1472 1298 1547 exempla.

261 1580 312 1639 Fr.
340 1580 413 1652 161,
442 1579 469 1636 1.
501 1584 560 1634 τῶν
587 1573 682 1653 ἔργον
705 1578 796 1635 recte
818 1573 931 1647 donea
957 1591 1005 1635 vs.
1032 1577 1050 1634 2
1076 1575 1191 1635 malim
1214 1572 1391 1645 ἀποδείξεις.
1415 1574 1591 1634 Sententia

305 1679 387 1738 haec
421 1680 489 1738 est:
526 1691 618 1736 nam
654 1675 832 1735 audacia
864 1676 1057 1738 facinora
1087 1677 1127 1736 in
1158 1676 1468 1736 deliberatione
1500 1676 1531 1744 (i.
1559 1691 1588 1735 e.

304 1780 410 1839 iudice
446 1793 484 1838 eo
519 1779 573 1852 qui
608 1776 647 1837 de
678 1776 719 1836 iis
749 1777 958 1850 praestandis
993 1779 1127 1852 cogitat)
1160 1777 1392 1837 difficilem
1428 1776 1589 1836 habent

305 1880 651 1956 praestitionem,
688 1876 835 1937 difficilia
869 1882 948 1938 sunt
982 1878 1022 1938 ad
1057 1880 1303 1953 praestandum.
1343 1878 1433 1953 Quod
1466 1892 1589 1937 moneo

303 1985 435 2056 propter
454 1978 617 2040 Koolrium
637 1979 717 2038 haec
737 1993 803 2039 non
823 1979 1081 2053 intellegentem.
1097 2014 1136 2022 -
1157 1979 1214 2039 Vs.
1228 1975 1588 2055 4.1tnocatm210vreei-

304 2083 461 2159 piendum
484 2082 587 2141 tuisse
610 2083 699 2140 recte
722 2083 836 2140 monet
859 2079 907 2139 Bl.

261 2187 312 2245 Fr.
340 2186 412 2260 164,
440 2186 468 2242 1.
503 2175 547 2258 ἆρ’
585 2182 859 2255 interrogativum
890 2196 964 2241 esse
996 2184 1110 2242 monet
1140 2182 1188 2242 Bl.
1220 2182 1381 2256 Perpetuo
1409 2181 1470 2241 hac
1494 2181 1528 2240 in
1553 2197 1589 2241 re

302 2285 424 2345 labitur
447 2283 556 2359 Koch,
580 2297 642 2343 nec
664 2284 780 2357 postea
802 2282 953 2343 monebo.

260 2387 311 2447 Fr.
339 2387 412 2446 173.
569 2381 611 2461 μὴ
633 2383 865 2466 καταφρονήσῃς
888 2392 947 2442 τῶν
970 2387 1059 2442 θεῶν’
1084 2381 1115 2442 ἕν
1139 2381 1228 2442 παντὶ
1251 2385 1300 2442 δεῖ

571 2494 665 2567 καιρῷ
689 2482 721 2543 τὸ
745 2484 864 2543 δίκαιον
888 2482 1054 2562 ἐπικρατεῖν
1078 2482 1266 2562 ἁπανταχοῦ,

572 2583 622 2645 καί
646 2584 698 2645 τὸν
721 2585 987 2665 παρατυγχάνοντα
1011 2587 1118 2646 τούτου
1142 2594 1207 2646 τοῦ
1231 2583 1373 2663 μέρους

573 2685 649 2765 ἔχειν
672 2685 819 2764 πρόνοιαν
842 2686 946 2747 κοινόν
970 2685 1028 2745 ἐστι
1052 2697 1091 2769 τῷ
1114 2687 1179 2771 βίῳ.

304 2792 329 2850 E
355 2807 402 2849 vs.
428 2791 447 2849 3
472 2804 520 2860 sq.
556 2790 678 2862 Aptam
709 2788 823 2861 utique
855 2789 1057 2848 sententiam
1080 2803 1097 2848 e
1122 2803 1170 2847 vs.
1195 2790 1214 2846 3
1239 2803 1287 2861 sq.
1319 2787 1430 2847 elicuit
1461 2787 1585 2847 hance:

305 2892 396 2951 Kock
428 2891 549 2949 hance:
584 2888 765 2963 „Omnibus
790 2889 870 2949 utile
894 2891 946 2950 est
970 2905 1071 2949 unum
1095 2904 1274 2963 quemque,
1299 2888 1353 2946 ubi
1377 2889 1586 2949 occasionem

305 2993 524 3065 nanciscatur,
557 2990 648 3050 eius
678 2991 738 3050 rei
766 3005 879 3050 curam
903 2992 1049 3064 gerere.'’
1073 2991 1183 3064 Neque
1207 2989 1346 3064 obnitar,
1371 2988 1469 3050 modo
1492 2988 1575 3049 intel

303 3094 433 3169 legatur
462 3099 550 3150 τοῦτο
580 3090 613 3149 τὸ
643 3089 731 3167 μέρος
754 3107 820 3152 non
842 3107 939 3166 posse
961 3092 1075 3152 referri
1098 3093 1138 3152 ad
1162 3092 1270 3152 solum
1294 3106 1528 3166 praegressum
1553 3090 1586 3149 τὸ

304 3194 435 3268 δίκαιον,
466 3196 637 3268 propterea
667 3193 752 3267 quod
783 3191 871 3271 μέρος
902 3209 1071 3267 nunquam
1095 3208 1210 3268 graece
1234 3192 1399 3268 significat
1422 3208 1501 3267 res,
1527 3194 1586 3253 sed

304 3299 413 3372 potest
435 3293 620 3368 significare
644 3297 677 3354 et
700 3310 798 3369 saepe
817 3294 982 3370 significat
1002 3295 1206 3370 singulorum
1230 3298 1374 3369 partes
1397 3295 1469 3354 sive
1493 3293 1585 3353 olii·

304 3401 426 3473 cium,
465 3397 512 3457 ita
539 3398 577 3455 ut
599 3395 807 3455 referendum
832 3398 876 3456 sit
899 3396 939 3456 ad
963 3398 1154 3457 universam
1180 3396 1297 3470 agendi
1320 3410 1473 3455 normam
1498 3410 1585 3455 corn·

303 3499 496 3560 mendatam
520 3497 552 3555 in
576 3497 790 3571 praegressis.
814 3496 917 3558 Multo
940 3499 1053 3556 tamen
1077 3496 1283 3558 commodius
1305 3496 1488 3571 legeretur:

703 3598 812 3657 τούτου
837 3604 893 3668 (sc.
918 3605 971 3655 τοῦ
995 3596 1124 3666 δικαίου)
1144 3592 1175 3655 ’ν
1198 3606 1244 3679 τῷ
1269 3594 1376 3674 μέρει

572 3697 646 3776 ἔχειν
671 3699 832 3777 πρόνοιαν,

302 3820 367 3878 quo
391 3802 550 3875 admisso,
575 3800 677 3859 etiam
705 3800 826 3860 melius
850 3802 1068 3875 opponeretur
1090 3797 1194 3858 κοινὸν
1217 3801 1261 3868 tin
1286 3814 1349 3872 quo
1372 3800 1488 3862 haeret
1510 3800 1583 3875 Bt),

303 3906 322 3964 i.
348 3920 375 3964 e.
400 3898 593 3976 κοινωφελές,
617 3902 898 3975 insequentibus.

259 4008 309 4065 Fr.
338 4007 411 4078 til,
437 4005 466 4062 2.
491 3999 687 4079 κατεφθορὼς
711 4006 800 4063 recte
825 4003 998 4062 Headlam.

258 4109 310 4166 Fr.
339 4108 411 4165 182.
435 4105 483 4163 Bl.
507 4102 610 4179 εἴσειμι
629 4101 703 4180 πρὸς
724 4100 841 4178 ε’κείνην
865 4097 996 4178 <τοίχ’>·
1020 4099 1083 4177 ίίρτι
1107 4100 1162 4179 γὰρ
1181 4111 1240 4161 νοῶ
1270 4103 1331 4163 Sed
1352 4103 1463 4178 procul
1485 4104 1585 4164 dubio

301 4207 437 4284 πρόσειμι
462 4206 646 4279 requiritur.

257 4311 309 4369 Fr.
338 4310 410 4367 188.
435 4307 539 4366 Plinio
564 4305 788 4365 calaboten
813 4320 830 4363 e
855 4303 953 4364 Bekk.
979 4308 1039 4364 An.
1064 4305 1171 4365 reddit
1193 4306 1241 4366 Bt.
1266 4322 1324 4380 pro
1348 4307 1529 4368 coloten.

257 4411 307 4469 l‘r.
336 4412 408 4482 195,
433 4411 462 4467 2.
486 4405 679 4481 iudaicam,
699 4407 860 4467 nudum.
881 4407 1074 4465 Incredibile
1094 4411 1147 4467 est
1167 4406 1214 4466 Bl.
1236 4423 1416 4481 proponere
1437 4409 1585 4482 potuisse

301 4509 544 4585 aaodcdpaaota!

255 4612 306 4671 Fr.
333 4612 407 4685 201,
433 4611 462 4669 3.
488 4611 536 4669 81.
564 4610 714 4686 βροτοῖσιν
739 4605 811 4668 ὁδόν
836 4609 922 4669 haud
946 4624 1026 4668 sane
1050 4609 1178 4670 felicius
1201 4626 1299 4684 quam
1324 4612 1442 4686 reliqui
1466 4614 1583 4674 critici.

259 4713 308 4772 Fr.
334 4712 408 4786 202,
435 4712 466 4769 4.
492 4707 684 4785 ἱδρυμένους,
708 4711 727 4769 i.
749 4725 776 4768 e.
802 4724 872 4768 eos
900 4710 967 4781 qui
994 4709 1065 4768 deo
1089 4725 1201 4770 aram
1225 4717 1472 4788 sacrarunt,
1495 4716 1584 4775 male

299 4813 472 4873 sollicitari
503 4812 617 4872 monui
647 4813 744 4884 olim,
768 4809 841 4870 coll.
875 4810 1042 4869 ldenandri
1074 4810 1113 4870 fr.
1140 4814 1215 4885 587,
1242 4816 1260 4871 5
1285 4829 1333 4886 sq.
1358 4814 1584 4876 Nihilominus

298 4915 364 4991 Bt,
388 4915 563 4988 antiquum
583 4912 748 4986 obtinens,
769 4913 923 4985 proponit
940 4907 1136 4984 ἱκνουμένοος
1158 4913 1208 4971 vel
1228 4914 1446 4988 κακοδαίμονος
1468 4917 1548 4987 (sic).
