3502 5512
852 326 893 385 23

213 503 397 588 Eupolidis
418 508 457 568 ir.
486 512 513 584 1,
542 511 557 569 1
595 511 676 571 bene
707 514 884 571 correctus.
917 510 1050 586 Triplici
1080 512 1194 570 tamen
1225 508 1309 569 coni.
1342 508 1451 569 tentat
1482 507 1531 567 Bl.

257 625 287 683 p.
312 610 364 669 35.
391 644 430 653 -
456 611 512 671 Vs.
537 612 556 671 2
581 605 610 670 δ’
635 627 694 687 pro
717 606 737 670 ι’
764 613 850 673 idem
875 615 906 674 5.
1416 665 1419 670 .

212 711 263 770 Fr.
289 711 308 770 5
332 714 421 771 recte
444 713 561 773 editur.
584 713 750 774 inutiliter
773 714 821 773 Bi.
846 709 903 771 κάν
926 721 961 795 νῇ
984 711 1093 772 λοπάδι
1116 705 1139 790 γ’
1166 708 1276 769 ἔνεισιν
1298 706 1407 786 ἑψητοί
1427 731 1511 781 τινες.

212 812 265 872 Fr.
288 814 319 874 8.
349 817 419 871 πῖθι
443 829 499 888 pro
522 813 591 890 μήιι
618 815 766 890 speciosa
789 815 876 874 idem
900 815 958 874 sod
986 814 1111 874 incerta
1134 812 1312 872 admodum
1336 812 1533 873 coniectura.

213 914 264 974 Fr.
292 915 342 974 11.
378 915 452 991 ζητῶ
482 914 579 977 malit
607 916 670 991 Βί.,
701 917 759 976 sed
790 915 902 990 quidni
931 915 975 975 sit
1006 915 1201 990 imperfecta
1227 914 1418 976 sententia?
1442 913 1535 974 Talia

257 1017 387 1076 mutare
410 1015 521 1076 nefas!

212 1116 264 1177 Fr.
292 1117 341 1190 14,
367 1119 396 1176 4.
422 1117 484 1177 Ρεο
508 1114 609 1195 ἐρίκην
632 1118 680 1178 Bi.
705 1118 776 1178 vult
799 1114 923 1196 ίρείκην.
944 1117 1078 1178 Meliora
1097 1117 1208 1178 docuit
1227 1133 1269 1178 ex
1287 1117 1394 1177 titulis
1413 1117 1535 1179 Atticis

257 1212 491 1278 Meistorhans²
512 1219 565 1279 42.
591 1217 710 1279 Contra
732 1216 829 1297 ἐρείκη
852 1219 971 1293 ubique
994 1219 1115 1279 vitiosa
1138 1221 1190 1278 est
1212 1220 1386 1292 scriptura.

213 1318 265 1378 Fr.
291 1319 343 1378 20.
374 1316 537 1378 νεόκοπτον
567 1335 624 1393 pro
655 1319 802 1379 νεόκοπον
831 1320 967 1394 requirit
990 1320 1039 1380 Bi.
1070 1319 1218 1394 Utraque
1248 1319 1339 1379 fama
1368 1319 1450 1379 bene
1473 1318 1533 1379 for·

258 1422 349 1480 mata
382 1423 448 1496 est,
485 1421 654 1494 multaque
690 1422 848 1482 vocabula
882 1423 1038 1483 desinunt
1071 1421 1105 1480 in
1134 1443 1235 1492 κοπος.
1266 1425 1377 1495 Aeque
1407 1420 1535 1481 inutilis

258 1522 292 1581 in
313 1521 352 1582 ir.
377 1523 419 1580 49
443 1524 495 1582 est
518 1522 667 1583 eiusdem
691 1524 774 1584 coni.
799 1523 924 1601 βοιδίων
949 1539 1007 1600 pro
1031 1531 1090 1582 τῶν
1114 1524 1204 1600 βοῶν.

214 1623 265 1682 Fr.
292 1622 344 1697 36,
373 1624 402 1682 2.
434 1617 467 1693 ὃς
497 1622 566 1694 τοὺς
598 1621 739 1696 εὕδοντας
770 1622 881 1704 ἐγείρει.
909 1625 1005 1686 Locis
1030 1625 1160 1685 collatis
1183 1639 1203 1684 a
1226 1623 1349 1684 Koclrio
1373 1623 1421 1682 Bl.
1446 1622 1536 1682 addit

258 1723 464 1784 Pherecratis
497 1723 536 1784 fr.
575 1726 647 1801 153,
673 1727 703 1787 9.
739 1727 838 1788 Miror
870 1728 1038 1788 neminem
1069 1726 1265 1787 meminisse
1295 1724 1358 1786 loci
1388 1725 1536 1784 omnium

259 1824 483 1898 antiquissimi
518 1825 647 1886 Solonis
680 1843 731 1902 ap.
771 1828 942 1890 Demosth.
979 1844 1010 1903 p.
1044 1828 1175 1887 422-
1201 1825 1331 1902 ποίεμόν
1360 1817 1391 1884 θ’
1423 1818 1534 1884 εδδονί

259 1923 407 2005 ε’πεγείρει.
434 1926 481 1987 Gi.
506 1926 721 1990 Homericum
743 1927 921 2000 ὑπνώοντας
945 1927 1049 2008 ἐγείρει
1072 1930 1104 1988 Ω
1128 1930 1202 2004 344,
1228 1949 1241 1987 ε
1266 1929 1318 2004 48,
1344 1950 1367 1987 ω
1392 1929 1422 1988 4.
1446 1961 1484 1970 -
1507 1923 1536 1997 ἐξ

259 2026 358 2087 ὕπνου
378 2025 500 2106 ἐγείρειν
524 2026 705 2109 (ἐπεγείρειν)
728 2031 803 2090 inde
827 2029 867 2091 ab
887 2031 1031 2091 Homero
1054 2045 1181 2091 omnes

216 2129 267 2188 Fr.
292 2129 345 2188 44.
371 2127 414 2188 ὅτι
444 2127 480 2186 τὰ
509 2141 632 2211 πατρῷα
663 2128 759 2207 πρός
782 2147 815 2191 σε
837 2129 1083 2207 καταδιέφθορα;
1108 2131 1212 2204 quod
1236 2129 1536 2204 patrimonium

259 2245 392 2290 meum
416 2231 457 2290 in
482 2235 519 2291 te
544 2233 797 2306 consumpsi.
823 2232 846 2291 Ε
865 2233 967 2293 schol.
988 2233 1089 2293 Arist.
1112 2235 1146 2292 et
1169 2232 1256 2293 Suid.
1278 2231 1387 2292 verbis
1400 2232 1485 2305 apud
1497 2231 1537 2290 K.

261 2332 398 2393 minime
429 2332 587 2408 sequitur,
620 2333 704 2407 quod
733 2336 829 2408 putat
860 2334 923 2408 Βί.,
955 2337 1088 2409 poetam
1112 2333 1285 2407 scripsisse
1311 2330 1379 2391 διὰ
1403 2327 1442 2390 οὲ.
1467 2332 1538 2391 Non

259 2434 367 2494 solent
390 2433 452 2494 hae
474 2435 737 2509 praepositiones
760 2434 926 2496 confundi.

216 2536 267 2597 Fr.
293 2537 345 2597 50.
370 2536 478 2596 Teneo
504 2538 650 2597 veterem
673 2550 784 2596 meam
808 2536 891 2596 coni.
916 2533 1023 2605 ἀνεκδς
1047 2530 1066 2593 ι’
1091 2530 1123 2615 (γ’
1135 2537 1161 2606 7)
1181 2532 1326 2613 ἐπαίρεις,
1343 2532 1539 2612 παμβδελυρὰ

261 2637 312 2713 σί,
345 2635 378 2694 πὸ
407 2633 524 2713 σκέίος,
555 2637 626 2697 εοίί.
657 2637 733 2711 Lys.
765 2637 840 2696 969.
872 2636 957 2697 Eccl.
993 2637 1088 2697 1043.
1119 2636 1213 2697 Nunc
1243 2637 1367 2697 similia
1389 2635 1541 2711 proponit

261 2738 310 2798 Bl.
330 2738 413 2799 Add.
437 2754 468 2813 p.
494 2740 568 2799 290.

215 2841 266 2900 Fr.
291 2840 344 2914 52,
372 2841 399 2900 1.
432 2837 472 2898 ἔτι
496 2839 548 2900 vel
572 2838 609 2899 σὺ
633 2836 665 2898 δέ
687 2855 745 2914 pro
768 2837 817 2899 ἐπὶ
838 2840 902 2915 Βί.,
935 2843 1131 2901 construens
1153 2835 1327 2915 καινοτέρας
1351 2834 1433 2909 ἰδέας
1457 2836 1541 2915 βίου,

259 2956 319 3000 nec
352 2955 432 3001 sane
467 2938 514 2999 ίπί
544 2941 622 3001 ferri
651 2943 775 3015 potost;
805 2943 953 3016 possitne
985 2940 1025 2999 ἔοι
1056 2957 1170 3002 verum
1200 2956 1282 3017 esso,
1313 2938 1540 3001 deficientibus

258 3042 460 3117 praegressis
484 3057 548 3102 non
572 3045 682 3118 potest
705 3042 887 3102 diiudicari.

215 3143 267 3203 Fr.
292 3145 345 3204 61.
370 3144 418 3203 Bi.
443 3144 499 3205 cli.
524 3140 780 3219 ἀμπεφλασμένως
805 3144 944 3217 Lysisir.
977 3145 1071 3204 1099.

216 3243 268 3303 Fr.
293 3245 346 3304 68.
370 3239 429 3304 ἀλλ’
456 3244 535 3323 ὅμως
559 3250 684 3307 temere
707 3247 756 3308 Bl.

216 3344 267 3405 Fr.
293 3346 345 3405 69.
378 3343 543 3425 ἀερύφερος
573 3349 700 3409 comica
727 3348 892 3410 formatio.
924 3347 1079 3422 vulgaris
1102 3348 1191 3408 onim
1215 3346 1368 3421 analogia
1390 3346 1541 3420 postulat

263 3444 406 3520 ἅτρυφος.

217 3548 268 3608 Fr.
293 3549 345 3623 73,
371 3550 401 3608 2.
433 3549 589 3626 βαστάζειν
619 3564 693 3611 esse
715 3550 916 3626 pendere,
949 3551 1241 3624 considerare,
1280 3564 1345 3609 non
1381 3549 1541 3609 afferre

262 3651 321 3719 (sic
344 3650 446 3721 Kock)
471 3655 585 3713 monet
608 3652 672 3727 Βί.,
698 3651 770 3711 coll.
795 3650 834 3711 ir.
860 3652 936 3711 303.

218 3752 269 3812 Fr.
294 3753 408 3814 7481.
445 3757 532 3814 recte
564 3754 718 3815 refellens
749 3753 913 3813 Naberum
943 3752 1183 3813 sollicitantem
1210 3753 1338 3824 πολλοῦ,
1361 3750 1434 3810 coll.
1459 3750 1540 3810 Nub.

263 3855 337 3930 915,
372 3855 453 3915 Rau.
482 3857 576 3929 1046,
610 3855 665 3928 Fq.
691 3855 766 3927 822,
802 3870 860 3915 cur
890 3854 1038 3930 tandem,
1071 3855 1133 3913 nisi
1159 3851 1377 3912 immoderato
1404 3851 1543 3924 quodvis

263 3957 413 4015 mutandi
437 3956 569 4017 libidine
593 3956 762 4031 abreptus,
788 3956 859 4031 ipse
883 3955 1066 4015 sollicitat?

219 4059 269 4119 Fr.
295 4059 348 4119 75.
372 4055 437 4141 πρῴ
466 4057 618 4134 οποίνν),
644 4058 750 4118 deleto
771 4055 808 4133 δὴ
829 4060 864 4117 ut
885 4060 983 4117 exeat
1001 4057 1161 4116 trimeter.
1183 4055 1232 4114 Bi.
1253 4054 1388 4114 Cautius
1406 4056 1542 4128 egerunt

264 4160 410 4221 Meinelre
434 4163 466 4221 et
490 4159 591 4220 Koclr.
616 4159 758 4219 Felicius
781 4159 829 4219 Bi.
855 4159 888 4218 in
913 4158 1012 4218 Add.
1038 4156 1076 4233 δὴ
1103 4155 1200 4219 <cim
1228 4153 1301 4237 πρῴ.

219 4263 270 4321 Fr.
296 4263 349 4322 76.
375 4259 494 4336 ,κίστας
517 4260 609 4321 Kock
632 4277 689 4336 pro
717 4261 817 4332 κοίιοις
841 4276 954 4321 vereor
979 4263 1015 4321 ut
1039 4261 1147 4320 recte''
1173 4258 1221 4318 Bi.
1247 4256 1389 4316 afferens
1414 4256 1453 4315 de
1477 4254 1544 4313 σοίι-

263 4368 367 4422 εεσδαι
397 4363 436 4422 de
467 4361 566 4422 cubili
595 4362 681 4423 dicto
711 4363 823 4436 Eupol.
855 4362 887 4421 H
918 4362 993 4436 575,
1026 4360 1108 4420 Plat.
1142 4361 1172 4418 Il
1197 4359 1261 4419 650
1294 4361 1355 4418 etc.
1393 4357 1544 4417 Pessima

264 4466 314 4524 est
338 4465 524 4523 coniectura
543 4463 613 4524 loco
637 4464 814 4524 sanissimo
838 4464 981 4523 invecta.

221 4566 273 4626 Fr.
299 4567 351 4640 77,
377 4567 407 4625 3.
432 4566 569 4626 sanavit
593 4563 703 4626 Cobet.
730 4566 805 4626 Sine
829 4580 930 4625 sensu
953 4564 1002 4623 Bi.
1027 4559 1202 4620 κάπικλίνει.

221 4669 273 4729 Fr.
300 4669 351 4743 ii,
365 4669 395 4727 4.
420 4666 459 4725 τὼ
482 4665 570 4744 σκέλη
593 4665 703 4745 ῥίπτεις
727 4661 747 4725 τ’
773 4664 845 4743 ἅνω,
868 4667 940 4727 coll.
961 4665 1058 4741 Vesp.
1082 4664 1177 4740 1526,
1198 4664 1284 4724 1530
1307 4662 1370 4738 Β1.,
1393 4660 1547 4736 quamvis

265 4768 402 4844 probata
424 4768 578 4829 Fritschii
603 4768 813 4828 correctione.

223 4870 275 4930 Fr.
300 4870 352 4930 83.
377 4868 426 4928 Bi.
450 4869 506 4929 cit.
530 4867 628 4946 Δεξώ,
651 4866 760 4945 Aaou,
778 4862 907 4945 'Eppius
