3502 5512
861 356 922 415 188

274 540 442 615 Eripere
478 546 536 601 aut
569 544 784 617 surripere
818 543 940 617 aliquid
972 545 1069 605 alicui
1105 546 1227 605 Graece
1261 551 1409 622 περισπᾶν
1445 543 1555 602 dicere

273 657 369 715 posse
399 657 472 701 cras
502 643 646 718 credam,
685 644 868 716 mersoque
899 646 1065 719 imprimis
1096 648 1130 706 in
1162 647 1418 722 praepositione,
1452 661 1553 719 quam

273 742 411 802 minime
434 747 545 803 tuetur
569 745 658 804 verbi
681 744 873 823 περιτρώγειν
896 761 977 805 usus
998 748 1053 806 Ar.
1075 748 1155 808 Acir.
1179 749 1253 808 270.
1276 748 1371 820 vesp.
1386 748 1462 806 396.
1477 747 1554 819 672,

274 842 306 901 in
337 860 400 917 quo
431 845 501 904 eius
533 846 583 904 vis
613 847 697 906 satis
728 846 848 919 elucet;
880 862 958 907 nam
983 850 1178 922 expectatur
1201 846 1261 907 ἀιιό
1286 848 1337 908 vel
1361 846 1457 924 παρά,
1481 849 1555 919 aut,

274 945 303 1002 sl
337 944 376 1004 de
407 944 609 1006 clandestino
640 947 728 1006 furto
760 947 930 1022 agebatur,
961 945 1029 1006 ὑαό.
1062 948 1150 1023 Quod
1182 949 1328 1008 sensisse
1353 949 1481 1008 videtur
1505 947 1555 1005 Bl.

274 1046 360 1105 iusto
396 1047 571 1107 violentius
601 1052 736 1109 tentans
767 1047 858 1107 οἴεται
878 1047 883 1126 Ι
905 1047 1224 1126 ὑφαρπάσεσοαι.
1254 1049 1407 1109 Fortasse
1431 1046 1557 1108 suflicit

275 1145 365 1206 οἴεται
386 1145 390 1225 l
412 1147 659 1208 ὑποσπάσειν
683 1146 740 1208 κτὲ.

231 1248 282 1308 Fr.
307 1250 359 1323 25,
385 1251 414 1309 3.
516 1246 566 1308 καὶ
590 1247 641 1321 τὰς
664 1247 782 1328 ἑταίρας
806 1249 1031 1328 εἰσαγαγὼν
1055 1259 1090 1333 τῇ
1113 1248 1267 1335 παρθένῳ.

275 1351 414 1425 Requiio
444 1349 641 1430 προσαγαγὼν
675 1355 733 1412 aut
756 1367 831 1411 elim
856 1351 983 1413 Nabero
1003 1350 1170 1431 ἐπαγαγὼν.
1196 1386 1235 1395 -
1261 1353 1316 1412 Vs.
1344 1355 1372 1412 7.
1394 1349 1477 1412 ταυτὶ
1497 1369 1557 1427 pro

275 1459 366 1508 ιαοια
390 1453 505 1512 malim
530 1468 604 1513 cum
630 1453 678 1512 Bl.

231 1552 281 1611 Fr.
308 1553 359 1628 26,
390 1557 416 1612 1.
447 1550 568 1633 λέγονιά
599 1549 651 1613 <c'
680 1551 728 1631 ἢ)
756 1558 846 1614 recte
878 1554 983 1629 Kock,
1016 1570 1076 1614 nec
1107 1571 1189 1630 opus
1221 1559 1272 1616 est
1303 1556 1428 1630 dativo,
1456 1571 1557 1629 quem

275 1655 412 1727 requirit
434 1656 481 1716 Bl.
507 1657 673 1716 coniciens
696 1653 809 1733 λέμονιι
834 1673 888 1715 σοι.
913 1656 985 1716 Vid.
1007 1672 1036 1716 ν.
1051 1673 1077 1716 c.
1091 1657 1257 1718 Xenarchi
1277 1656 1316 1716 fr.
1330 1656 1377 1715 Ill
1391 1657 1454 1716 617
1469 1660 1511 1731 (l,
1526 1658 1558 1723 7)

276 1753 316 1813 M.
340 1745 383 1813 ὧν
413 1753 492 1814 ἔστιν
516 1754 710 1830 ἐκλεξάμενον
734 1791 771 1799 -
793 1755 833 1832 μὴ
858 1758 986 1832 κλίμακα
1009 1757 1195 1833 στησάμενον
1220 1757 1358 1835 εἰσβῆναι
1381 1756 1496 1839 λάθρᾳ,
1522 1761 1560 1816 ut

275 1871 339 1915 uuo
369 1858 408 1917 de
436 1859 551 1918 multis
574 1858 733 1932 defungar
757 1859 920 1933 exemplis
951 1859 1049 1918 huius
1072 1862 1268 1919 structurae.
1293 1859 1402 1918 Etiam
1426 1873 1473 1916 σοι
1498 1859 1557 1918 mi·

277 1971 339 2016 nus
362 1959 527 2033 probabile
551 1962 602 2019 cst
625 1975 725 2034 quant
749 1954 776 2017 α’
803 1956 822 2036 ἢ
846 1960 1115 2035 supplementum
1143 1976 1218 2020 cum
1243 1963 1375 2035 propter
1397 1959 1460 2018 loci
1484 1975 1545 2018 sen

275 2061 428 2136 tentiam,
453 2063 602 2136 sequitur
626 2064 714 2122 enim
741 2060 886 2138 ἥμαρτον,
910 2064 981 2120 tum
1006 2061 1047 2121 ob
1071 2062 1268 2122 mutationis
1292 2060 1499 2120 facilitatem.

231 2159 282 2220 Fr.
308 2161 360 2220 27.
385 2162 515 2236 Optime
546 2163 708 2223 Headlam
741 2166 839 2223 tuens
869 2162 1034 2222 Eustathii
1066 2162 1242 2224 lectionem
1274 2160 1482 2239 ὑπερήφανοι,
1506 2177 1556 2221 vs.

278 2264 297 2322 3
323 2279 371 2336 sq.
396 2265 444 2324 sic
468 2266 655 2325 constituit:

542 2365 734 2442 ὑπερήφανοι
759 2358 825 2442 (γὼ
848 2359 902 2440 μὲν
926 2362 981 2441 γὰρ
1006 2362 1124 2441 ἐξέστην
1148 2364 1232 2435 ἰδὼν)

543 2474 686 2543 κρατῆρες
710 2463 849 2543 ἀργυροῖ,
870 2465 957 2523 κάδοι
980 2466 1097 2541 μείζους
1122 2463 1204 2541 ἐμοῦ.

277 2567 332 2627 Vs.
360 2568 386 2641 l,
423 2568 577 2641 quidquid
611 2568 688 2627 dicit
723 2566 827 2640 Kock,
864 2568 1087 2626 necessarium
1123 2567 1229 2628 iudico
1265 2571 1409 2628 veterem
1445 2582 1558 2627 meam

277 2670 512 2728 correctionem
544 2665 582 2726 ἂν
606 2664 692 2744 (εᾶ
716 2664 764 2736 ἂν)
796 2684 853 2741 pro
887 2663 926 2724 ἂν
959 2664 1103 2742 (εέἰιν),
1134 2682 1216 2740 quae
1240 2669 1341 2728 etiam
1366 2670 1460 2728 unice
1484 2683 1559 2727 con·

279 2771 368 2830 venit
383 2772 604 2831 emendationi
624 2770 893 2830 Headlamianae.
912 2769 1016 2830 Aliter
1028 2769 1086 2829 sed
1101 2770 1211 2829 minus
1223 2773 1311 2830 recte
1325 2771 1385 2829 hoc
1397 2770 1560 2843 fragmen-

278 2875 349 2932 tum
373 2874 530 2933 tractavit
553 2873 600 2933 Bl.
625 2890 654 2946 p.
681 2875 754 2932 246.

235 2976 285 3034 Fr.
312 2976 363 3033 31.
499 2971 763 3050 ἀποστρεφομένης
786 2970 840 3048 τὴν
864 2970 1045 3048 κορυφὴν
1069 2975 1164 3047 φιλεῖς
1187 2971 1279 3046 μόλις.

277 3076 368 3135 Licet
394 3074 568 3151 κεφαλὴν
601 3078 824 3149 expectarem,
850 3074 932 3133 nibil
956 3088 1079 3134 novare
1099 3074 1216 3133 ausim.
1242 3072 1367 3132 Saltem
1388 3072 1559 3132 locusnon

277 3180 329 3237 est
353 3176 515 3237 violentae
540 3176 705 3249 Blaydesli
730 3177 936 3236 coniecturae
960 3172 1225 3251 ἀναστρεφομένην
1248 3171 1302 3248 τὴν
1326 3170 1479 3249 Γλυκέραν
1502 3169 1559 3231 νιιέ.

278 3279 327 3338 Ad
369 3279 559 3352 genetivum
602 3278 765 3351 participii
808 3277 979 3337 commode
1014 3276 1185 3350 suppletur
1220 3273 1312 3350 αὐτῆς
1347 3277 1405 3335 aut
1438 3289 1560 3334 nomen

277 3380 438 3455 mulieris,
463 3380 502 3439 de
526 3395 590 3452 qua
612 3395 721 3439 sermo
746 3379 809 3437 fuit
832 3379 863 3436 in
890 3379 1103 3453 praegressis.

234 3529 427 3614 Hegesippl
451 3532 489 3591 ir.
518 3535 543 3607 l,
572 3533 600 3590 2.
626 3531 762 3590 Temere
785 3529 833 3588 Bl.
858 3532 990 3604 propter
1016 3529 1178 3588 Athenaei
1203 3527 1303 3586 verba
1322 3526 1369 3585 IX
1393 3523 1497 3584 4051)
1522 3523 1560 3582 σὺ

278 3624 333 3691 οὖν
364 3633 444 3711 δρῶν
475 3656 500 3690 ιι
532 3632 645 3707 φαίνου
675 3629 781 3689 καινὸν
814 3635 922 3690 mutat
953 3631 1114 3704 Optimam
1140 3630 1297 3688 librorum
1322 3627 1496 3687 lectionem
1522 3623 1560 3700 δὴ

278 3736 311 3794 in
341 3726 397 3793 οὖν
423 3735 473 3794 vel
499 3743 562 3794 νῦν.
582 3736 660 3795 Νοο
693 3750 739 3794 vs.
766 3736 784 3792 3
818 3749 892 3792 cum
924 3734 1038 3792 eodem
1063 3732 1210 3805 praefero
1234 3723 1314 3788 κόπτ’
1341 3725 1390 3804 ε’μὲ
1409 3730 1561 3802 receptae

276 3837 408 3896 lectioni
433 3835 520 3895 adure
543 3858 592 3911 pr,
615 3838 692 3909 quia
717 3836 808 3895 nulla
831 3840 882 3893 est
905 3836 937 3892 in
962 3833 1156 3907 pronomine
1181 3832 1359 3906 emphasis.
1376 3864 1414 3872 —
1430 3829 1485 3888 Vs.
1507 3829 1560 3888 25.

278 3939 377 3997 Recto
408 3938 586 3998 observans
617 3935 785 4012 ἑστήξειιαι)
817 3951 889 3995 csse
925 3934 1194 4006 antiquissimum
1231 3932 1328 3990 huius
1363 3930 1562 3990 hellenistici

278 4056 358 4099 usus
381 4042 570 4115 exemplum
595 4056 651 4114 pro
678 4036 803 4113 ἑστήξει,
832 4038 878 4096 Bl.
904 4041 1016 4095 tamen
1041 4036 1206 4094 abstinere
1230 4049 1294 4093 non
1318 4032 1424 4105 potuit
1448 4047 1468 4090 a
1490 4046 1561 4106 pro·

277 4142 425 4217 ponendo
456 4138 590 4218 ἕσιιμιεν,
623 4141 708 4215 quod
740 4139 845 4199 multo
881 4139 992 4196 minus
1027 4140 1140 4209 aptum
1172 4151 1246 4195 esse
1277 4150 1375 4208 quam
1411 4133 1562 4192 futurum

278 4247 380 4306 latere
416 4246 527 4317 nequit
562 4260 638 4303 eum
673 4243 727 4316 qui
764 4240 873 4316 paullo
909 4239 1099 4312 diligentius
1142 4237 1258 4310 legerit
1291 4252 1358 4295 vss.
1394 4249 1561 4309 praegres-

277 4365 332 4407 sos
357 4350 398 4406 20
423 4364 491 4419 sqq.
519 4381 557 4389 -
585 4346 638 4405 Vs.
664 4347 716 4403 29.
750 4344 855 4402 Toeor
889 4345 1034 4400 veterem
1067 4340 1269 4398 senteutiam
1294 4345 1352 4395 τῶν
1376 4331 1563 4410 καθημένων

278 4450 317 4508 de
352 4450 432 4522 ipsis
467 4447 788 4522 spectatoribus
831 4441 1089 4516 intellegendum
1125 4455 1197 4498 esse
1233 4443 1266 4498 et
1300 4437 1452 4497 inutilem
1488 4450 1563 4495 esse

278 4551 426 4609 lleinekli
458 4552 681 4610 coniecturam
705 4544 907 4623 κεκλιμένων,
938 4544 1091 4617 quamvis
1124 4542 1252 4614 placcat
1283 4537 1469 4613 sslayuesio,
1503 4553 1564 4597 nec

278 4654 413 4725 probare
437 4668 572 4725 possum
597 4652 711 4710 Kockii
736 4647 1052 4721 interpretationem.

236 4755 285 4812 Fr.
312 4755 340 4827 2,
368 4755 396 4811 3.
422 4751 452 4811 τὸ
480 4787 517 4795 -
544 4752 668 4829 ζιμιμὸν
692 4767 749 4825 pro
776 4746 791 4808 ὃ
818 4783 857 4792 -
883 4750 1027 4824 ζητοῦμεν
1053 4748 1176 4804 temere
1201 4744 1248 4803 Bi.

235 4902 412 4985 sosipatri
437 4904 475 4963 fr.
506 4904 532 4977 1,
560 4905 588 4960 2.
614 4897 651 4958 ἂν
676 4898 871 4980 κατανοήσῃς,
897 4897 944 4955 Bl.
970 4892 1007 4952 ἂν
1032 4892 1176 4976 ἐννοήσῃς
1202 4892 1253 4952 vel
1277 4888 1315 4948 ἂν
1339 4881 1372 4949 εὖ
1393 4897 1491 4967 σκοπῇ
1511 4911 1563 4960 τις.
