3502 5512
886 329 928 388 62

288 517 470 594 genuinum
494 519 559 592 eet,
585 531 762 593 agnoscere
787 517 934 592 cogimur
956 518 1172 600 Archippum,
1201 521 1273 583 sive
1295 518 1477 599 θεοσεχθρία
1499 520 1572 581 sive

290 619 484 698 θεοισεχθρία
508 619 648 693 dederit,
671 618 706 678 in
727 618 924 679 alterutram
948 624 1076 693 partem
1099 638 1264 699 peccasse.

246 724 298 785 Fr.
323 722 409 784 arb.
439 729 497 781 νῦν
529 715 555 780 d’
590 720 726 781 Homeri
752 719 873 793 schol.;
897 728 955 779 νῦν
978 718 1018 794 ὡς
1043 739 1127 785 unus
1149 726 1199 786 Et.
1224 725 1265 786 M.
1290 723 1408 796 codem
1432 729 1491 782 νῦν
1514 712 1572 782 οὖν

290 825 357 900 Bl.,
382 824 440 885 sed
464 823 587 884 rectius
612 819 681 882 vovi
706 815 733 881 δ’
760 821 857 882 idem.

246 927 326 988 Post
347 927 387 987 ir.
411 926 454 984 42
479 923 706 985 inserendum:

335 1026 504 1104 κηρίνην
526 1023 759 1101 θρυαλλίδα.
776 1021 938 1102 Ἄρχιππος
959 1023 1136 1104 ὁκωμιιιός,
1154 1023 1171 1088 ὃ
1190 1036 1249 1088 νῦν
1272 1028 1465 1109 appiades»
1486 1025 1571 1102 (scil.

289 1126 450 1207 λέγουσιν).
473 1126 545 1187 Vid.
569 1124 673 1200 Oohn,
698 1125 760 1186 Rh.
784 1126 866 1186 Mus.
894 1127 990 1204 1888,
1016 1131 1093 1190 417.

246 1231 297 1292 Fr.
322 1233 375 1292 43.
415 1236 466 1306 τῆς
500 1244 565 1290 non
596 1243 638 1288 ex
670 1227 795 1302 codice,
832 1229 890 1289 sed
925 1244 943 1289 e
974 1231 1163 1291 coniectura
1194 1231 1321 1292 editum
1352 1246 1426 1293 esse
1458 1232 1573 1292 monet

290 1331 413 1393 Nauck.
438 1363 478 1372 -
503 1329 559 1389 Vs.
584 1330 614 1389 2.
639 1328 776 1405 μηδαμοι·
795 1329 868 1403 lege
892 1345 968 1390 cum
990 1330 1040 1391 Bl.

245 1432 297 1493 i'r.
321 1434 374 1493 45.
398 1427 607 1509 προσεμφερὴς
639 1429 750 1490 cooeu
781 1429 902 1491 hinem.
933 1446 1011 1492 nov.
1035 1433 1083 1492 ΠΙ
1109 1434 1172 1493 162
1204 1434 1471 1495 emendationem
1499 1447 1574 1493 esse

289 1533 527 1595 animadvertit
554 1532 677 1592 Nauck.
708 1532 757 1592 Bi.
788 1534 898 1593 tentat
928 1532 1258 1611 διακεχλιδηιιώς,
1279 1535 1441 1611 θοίμάτιον
1464 1531 1574 1621 ἔικτον,

290 1632 397 1712 hamc}
423 1630 515 1693 <ἂν>
543 1629 674 1710 ἐμφερὴς
696 1632 821 1708 μάλιστα
844 1632 917 1714 δόξῃ
940 1643 979 1717 τῷ
1002 1633 1105 1712 πατρί,
1127 1632 1183 1694 κτέ.
1207 1635 1254 1696 De
1278 1633 1359 1707 ὅπως
1377 1633 1416 1694 ἂν
1436 1650 1573 1710 prorsus

290 1737 463 1811 assentior,
498 1735 538 1796 de
573 1732 803 1811 διακεχλιδηκώς
840 1733 933 1794 valde
968 1734 1094 1810 dubito,
1134 1738 1213 1809 quia
1246 1738 1349 1797 etiam
1384 1736 1574 1811 Hesychius

289 1839 388 1899 hahet
418 1837 548 1912 glossas
577 1833 811 1913 διακεχι[ο]ισώς
834 1837 868 1896 et
892 1833 1122 1914 διατεχιιδέναι,
1154 1839 1266 1912 itaque
1293 1839 1405 1913 potius
1427 1837 1571 1898 scribam

291 1955 366 2002 cum
389 1939 512 2000 Kockio
536 1936 708 2014 βαδίζει...
729 1934 734 2014 Ι
756 1936 947 2014 διακεχλιδώς
975 1954 1076 2011 <τε>,
1097 1939 1261 2015 θοίμάτιον
1283 1936 1340 1998 κτέ.
1364 1939 1411 2000 De
1429 1939 1573 2014 singulis

291 2041 458 2104 vocabulis
488 2040 688 2114 scriptorum
718 2038 808 2098 locos
837 2038 893 2099 cit.
916 2039 980 2114 Bi,
1013 2054 1099 2101 nove
1130 2041 1255 2101 dictum
1285 2054 1361 2100 esse
1387 2041 1572 2114 τραυλίζεται

290 2159 347 2219 pro
380 2141 525 2218 τραυλίζει
559 2139 839 2200 animadvertens.
874 2140 1029 2201 Formam
1064 2141 1210 2201 mediam
1240 2142 1437 2216 provocavit
1470 2142 1574 2201 metri

289 2245 486 2318 necessitas,
529 2244 568 2302 ut
601 2255 700 2316 saepe
734 2241 849 2302 eodem
883 2245 1022 2316 cogente
1056 2241 1257 2303 altemirum
1291 2257 1397 2317 geum
1430 2242 1570 2303 admise

290 2351 368 2408 runt
390 2348 518 2421 poetae.

333 2448 483 2509 Accessit
520 2461 538 2505 e
573 2444 679 2505 lexico
721 2442 906 2503 Sabhaitico
945 2459 975 2518 p.
1012 2444 1041 2516 2,
1078 2445 1121 2504 84
1155 2444 1291 2519 elegans
1324 2445 1569 2520 fragmentum:

289 2547 533 2627 ἀφροδίσιος
556 2554 689 2622 κῆπος.
707 2541 879 2621 Ἄρχιππος·

600 2639 624 2706 ὦ
647 2646 762 2722 μάκαρ,
783 2640 817 2716 ὃς
840 2642 889 2704 ἐπὶ
911 2646 1142 2722 χλανιδοφόροις

600 2747 717 2825 κόραισι
740 2746 793 2806 τὸν
816 2743 997 2822 ἀφροδίσιον

598 2857 698 2925 κῆπον
720 2844 909 2924 σἰποδρέπεις.

245 2957 297 3016 Fr.
321 2956 376 3016 47.
400 2945 547 3028 καθίζωμ’
572 2952 647 3010 sine
671 2963 773 3010 causa
795 2948 845 3009 Bi.

332 3056 481 3117 Addatur
503 3052 637 3128 Lysippi
660 3052 699 3111 ir.
724 3053 758 3124 9,
783 3050 838 3109 ubi
862 3048 937 3108 vide
959 3063 1070 3109 meam
1093 3050 1254 3112 notulam.

243 3159 296 3220 Fr.
321 3159 374 3218 88.
409 3157 458 3218 Bl.
487 3156 543 3217 cit.
566 3154 630 3214 BA
654 3154 708 3227 88,
743 3152 783 3210 19
813 3150 987 3210 δισσιλλοαν
1016 3154 1050 3211 et
1079 3150 1158 3212 Hes.
1189 3151 1355 3229 διεσωηνε
1377 3155 1413 3213 et
1434 3153 1569 3215 Lucian.

287 3261 367 3322 Lex.
392 3261 446 3320 24.

242 3461 484 3530 Aristomenis
505 3461 546 3522 ir.
570 3461 601 3520 8.
625 3458 675 3519 Bi.
698 3464 776 3532 pred
798 3449 827 3514 δ’
853 3453 910 3533 ἐγώ
933 3441 975 3531 σ’,
996 3456 1124 3530 reliqua
1146 3472 1222 3517 cum
1244 3457 1377 3519 cobeto.

243 3567 295 3628 ih.
320 3570 352 3626 4.
375 3565 468 3626 Idem
497 3560 640 3622 ἐντεῦθεν
669 3557 730 3635 ἤδη
759 3572 817 3632 pro
848 3554 985 3632 ἐπειδὴ.
1012 3558 1165 3619 Praefero
1188 3559 1305 3619 Kockii
1326 3562 1568 3636 coniecturam,

286 3668 440 3744 quamvis
473 3667 635 3727 incertam
669 3664 703 3720 et
735 3660 854 3734 ipsam.
888 3657 1003 3719 Possis
1036 3661 1139 3719 etiam
1168 3657 1251 3719 ἐπεὶ
1275 3656 1314 3720 ei
1336 3659 1470 3737 <σρὸς>
1496 3661 1569 3734 τοὺς

285 3769 446 3847 πρντάνιις
467 3768 693 3843 προσήρθομεν.
709 3760 796 3836 qued
815 3759 868 3819 vei
887 3759 1113 3834 praetulerim,
1134 3762 1212 3835 quia
1230 3759 1384 3837 προσιέναι
1404 3778 1481 3823 curn
1498 3779 1567 3824 acc.

285 3887 344 3947 pro
367 3871 434 3931 dat.
457 3869 543 3943 apud
564 3867 656 3926 solos
677 3862 823 3937 tragicos
845 3875 1015 3922 occurrere
1039 3863 1176 3921 ridetur.

241 3973 295 4034 ih.
317 3977 349 4047 5,
373 3974 404 4033 8.
429 3972 478 4032 Bi.
501 3984 578 4030 oum
602 3965 730 4026 Nubere
753 3956 872 4020 ἐνθάδ’.
896 3961 1039 4021 Omnino
1058 3963 1099 4022 ci.
1120 3965 1176 4022 Ar.
1196 3963 1258 4023 hv.
1279 3964 1356 4039 388,
1369 3966 1447 4039 388,
1465 3981 1568 4040 quem

284 4075 395 4135 locum
418 4088 496 4133 enm
518 4085 585 4130 uon
609 4065 764 4127 attulisse
786 4062 901 4121 miror.

241 4177 294 4238 ih.
318 4179 349 4238 8.
380 4175 505 4236 Iniuria
535 4186 590 4232 me
619 4167 726 4228 iudice
756 4164 864 4223 haesit
895 4163 985 4223 Koch
1016 4172 1168 4238 (eumque
1197 4170 1334 4226 secutus
1359 4166 1426 4240 Bt,
1450 4167 1504 4228 vel
1526 4164 1567 4238 ὃς

285 4282 344 4338 aut
366 4276 417 4337 διὰ
440 4277 498 4336 aut
521 4270 562 4344 ὥς
583 4268 672 4345 κρέας
695 4265 772 4335 (vid-
795 4264 897 4324 eiiam
920 4264 1016 4324 Add.
1033 4279 1064 4338 p.
1078 4265 1153 4331 325)
1177 4280 1358 4340 proponere
1379 4266 1513 4344 ansusi)
1531 4269 1568 4329 in

284 4375 412 4438 ὀστακὸν
438 4373 611 4435 ἁλίπαστον.
640 4366 757 4443 Quidni
776 4364 867 4424 enim
897 4378 994 4423 caro
1016 4373 1259 4440 cancerina,
1282 4367 1371 4427 corio
1393 4372 1567 4444 exempta,

285 4481 377 4541 sole
412 4465 797 4550 conspergeretur?
836 4464 924 4523 Num
958 4463 1054 4525 hodie
1090 4467 1163 4527 sine
1196 4468 1268 4529 saie
1300 4484 1340 4529 ea
1375 4472 1567 4530 vescimur?

284 4581 486 4642 Rectissime
507 4577 610 4653 igitur
630 4570 838 4639 Athenaeus,
862 4565 948 4639 quod
970 4567 1151 4642 usgaisi,
1170 4569 1313 4630 scrihere
1334 4572 1456 4646 potuit,
1483 4571 1567 4632 haec

284 4681 446 4745 mmm:
467 4676 641 4740 ἱρηίων
661 4677 757 4746 zoe&
786 4667 970 4743 μνημονεύει
994 4699 1034 4709 -
1059 4668 1271 4747 Ηριιποριίης.

326 4780 527 4861 Ecdeme
554 4775 720 4840 Koskinm
749 4768 972 4828 Aristonem
987 4761 1160 4845 Ἧααόριιν
1182 4772 1388 4833 mentionem
1413 4773 1447 4834 in
1469 4774 1566 4850 uoui-

102 4876 589 5152 Εἶρα
607 4870 740 4938 monuit
760 4867 812 4928 Bt
