3502 5512
822 395 882 454 131

235 581 311 641 Sine
346 595 446 642 causa
480 597 545 643 non
579 583 714 642 servata
737 583 789 641 est
820 580 889 642 cod.
915 582 944 639 A
973 579 1136 641 Athenaei
1167 579 1264 640 lectio
1296 577 1380 639 αῖεῖ.
1411 580 1512 640 Recte

238 681 353 743 deinde
376 682 500 743 Nabar:

1051 779 1157 862 τέχνην

505 884 649 963 καινὴν
671 884 821 965 πορίζεταί
842 905 879 944 τε
901 877 995 944 δεῖπν’
1020 881 1183 961 ἀσύμβολα.

136 1016 145 1033 κ
238 985 306 1061 Quo
337 989 434 1062 pacto
464 989 576 1048 autem
599 988 648 1049 Bl.
678 990 814 1063 accepta
835 987 896 1047 hac
920 986 1119 1047 correctione
1142 986 1226 1046 tueri
1250 988 1356 1061 possit
1377 1007 1423 1067 γε,
1443 989 1514 1064 ipse

239 1086 368 1148 viderit.
393 1087 485 1149 Idem
506 1091 590 1151 vs.4
609 1089 749 1151 coniecit
767 1084 783 1148 δ
806 1096 865 1147 τῶν
889 1087 1039 1167 μαγείρων
1062 1089 1174 1148 minus
1193 1092 1282 1150 recte
1300 1105 1400 1164 quam
1413 1090 1518 1152 Bothe

239 1192 334 1248 τοῖσιν
357 1188 518 1270 μαγείροις.

196 1291 247 1352 Fr.
271 1292 346 1367 261,
374 1293 403 1353 1.
438 1289 582 1370 ι’γβοῖῖειο
613 1293 694 1363 (scil.
730 1290 894 1372 γενέσθαι).
931 1293 1009 1353 Sine
1038 1307 1140 1353 causa
1170 1291 1383 1354 casaubonus
1407 1295 1519 1370 inepte

240 1387 391 1472 ἠπείγετο,
421 1396 455 1455 et
482 1394 664 1456 novissime
695 1395 744 1456 Bl.
776 1391 919 1474 ἐγίγνετο,
949 1394 1156 1468 ineleganter
1186 1396 1261 1469 post
1284 1392 1452 1473 γενόμενος.
1476 1429 1519 1437 -

240 1493 341 1555 Vae
373 1491 492 1578 ἐλᾴδιον
523 1496 583 1571 ΒΙ.,
617 1495 691 1557 coll.
724 1494 846 1557 Oratio.
871 1496 978 1571 1188,
1011 1498 1068 1556 aut
1095 1490 1177 1554 ἁλῶν
1200 1493 1316 1573 σκάφη,
1339 1497 1423 1570 quod
1447 1496 1518 1557 ridi·

241 1594 370 1669 culum;
394 1596 474 1658 illud
499 1598 761 1659 consideratione
784 1599 920 1674 dignum
945 1597 1086 1658 videtur.

197 1696 249 1756 Fr.
274 1697 349 1773 262,
375 1698 404 1758 2.
437 1698 486 1759 Β1.
518 1697 750 1776 διαίλαξάμενος
782 1702 839 1760 aui
868 1697 1120 1776 μειαλλαξάμενος
1150 1694 1247 1780 ᾔθεον
1277 1703 1365 1768 (cum
1389 1698 1520 1770 Cobeto)

241 1796 318 1874 βίον.
341 1798 448 1859 'Peneo
472 1800 556 1874 quod
580 1801 733 1876 proposui
758 1799 1003 1880 διαγραψοίμενος
1031 1798 1143 1859 <ι6ν>
1169 1794 1245 1876 ἡδίω
1269 1799 1352 1878 βίον,
1374 1800 1444 1862 scil.
1468 1799 1521 1861 τόν

241 1895 368 1978 ἄγαμον.
391 1900 590 1963 Rectissime
610 1903 702 1964 Koclr
722 1903 944 1979 impugnavit,
966 1917 1066 1977 quam
1086 1901 1173 1965 male
1193 1917 1281 1963 nunc
1299 1903 1347 1963 Bl.
1362 1903 1520 1981 defendit,

242 2001 408 2063 infelicem
432 2001 544 2064 Cobeti
568 2005 808 2080 coniecturam,
839 2005 897 2064 sed
925 2002 1186 2064 immodulatum
1209 2005 1280 2079 ipse
1303 2007 1338 2065 et
1359 2004 1522 2080 inelegan-

243 2105 311 2163 tem
342 2118 476 2164 versum
506 2104 659 2179 procudit
688 2108 808 2184 γαμεῖν,
830 2101 987 2176 διαπῖέξας
1012 2099 1050 2162 δν
1073 2101 1165 2181 μόνος
1191 2100 1268 2181 ἡδίω
1291 2103 1379 2183 βίον..
1401 2104 1448 2165 De
1471 2121 1519 2167 vs.

244 2205 264 2263 3
287 2219 336 2279 eq.
360 2209 491 2283 κρεῖττον
516 2239 556 2249 -
581 2210 693 2282 μᾶλλον
717 2203 737 2285 ἢ
760 2207 809 2268 Β1.
835 2207 890 2267 oft.
915 2207 971 2267 Ar.
995 2205 1078 2266 Nub.
1106 2206 1202 2267 1215.

200 2305 251 2366 Fr.
277 2307 351 2383 263,
377 2308 407 2367 2.
431 2307 513 2368 Nub.
538 2308 683 2369 964611.
709 2309 758 2369 Bl.
780 2342 819 2353 -
834 2308 888 2369 Vs.
914 2310 945 2368 4.
970 2305 1073 2384 μηδείς
1100 2301 1232 2369 <ποθ’>
1259 2307 1347 2368 idem
1370 2310 1405 2367 et
1426 2323 1475 2368 vs.
1501 2310 1520 2368 5

244 2421 302 2482 pro
344 2407 447 2486 λαβεῖν
488 2412 612 2486 μαθεῖν,
658 2409 745 2483 quod
793 2425 859 2470 non
904 2407 1071 2483 intellego.
1114 2407 1239 2469 Dobree
1280 2404 1367 2493 ἑτέρῳ
1408 2407 1522 2485 procul

244 2507 342 2570 dubio
372 2511 472 2570 recte.

202 2609 253 2669 Fr.
279 2610 354 2686 264,
380 2612 411 2670 5.
502 2606 522 2688 ἢ
545 2609 795 2672 πλουσιακὸν
817 2610 939 2696 τούτῳ
962 2610 1139 2691 προσπίπτει
1162 2608 1265 2670 κακόν.

246 2709 480 2785 corrigendum
503 2711 648 2773 videtur:

488 2805 860 2890 ἢ’νθονσιασιικόν
883 2836 917 2873 τι
940 2812 1118 2893 προσπίπτει
1141 2813 1243 2875 κακόν.

246 2915 317 2990 aut,
341 2913 371 2974 si
394 2927 574 2989 pronomen
598 2914 824 2975 necessarium
846 2916 1011 2977 videatur:

492 3009 777 3093 ἣ’νθουσιασιικὸν
799 3010 959 3096 προσίπεσ’
985 3014 1066 3098 αὐτῷ
1090 3014 1192 3076 κακόν.

246 3118 318 3176 aut
340 3116 578 3177 fanaticum
597 3132 689 3177 eum
711 3118 876 3179 invasit
895 3117 1058 3178 malurn.
1079 3116 1125 3179 De
1137 3118 1370 3179 semivirorum
1383 3118 1523 3193 Cybelae

246 3216 337 3278 cultu
355 3219 492 3293 cogitari
511 3219 642 3293 poterit.
667 3220 700 3279 Is
725 3219 782 3294 qui
805 3222 913 3281 totum
930 3233 1048 3295 corpus
1066 3234 1164 3279 suum
1185 3221 1309 3295 expilat
1329 3224 1362 3282 et
1381 3220 1526 3296 laevigat

246 3320 305 3379 aut
324 3321 514 3380 scortum
533 3323 585 3381 εεῖ
604 3323 663 3381 aut
682 3321 911 3396 fanaticus;
932 3323 1010 3397 quin
1026 3322 1115 3382 enim
1129 3337 1177 3381 vs.
1190 3323 1210 3382 3
1223 3325 1312 3383 recte
1324 3323 1523 3384 correxerim

246 3415 312 3496 ἤτοι
341 3417 397 3499 γὰρ
427 3416 567 3499 διαιρεῖν,
596 3421 835 3496 (,desideratur
866 3422 932 3486 tale
963 3422 1061 3496 quid”
1086 3419 1189 3499 Kock)
1221 3425 1255 3483 et
1283 3423 1361 3484 ferri
1384 3427 1526 3499 nequeat

246 3519 384 3595 probata
410 3536 429 3581 a
452 3521 625 3596 Biaydesio
649 3523 789 3583 Iacobsii
813 3523 1002 3584 coniectura
1024 3518 1044 3600 ἢ
1068 3523 1285 3601 μαστροπεύειν
1315 3525 1403 3598 (quid
1434 3525 1523 3585 enim

247 3637 369 3696 quaeso
399 3623 544 3683 lenoni
575 3638 650 3684 cum
674 3622 793 3685 barbae
819 3624 1025 3699 pilorumque
1055 3623 1239 3694 absentiat)
1263 3626 1424 3700 temporis
1446 3641 1524 3700 pun·

248 3725 338 3784 ctum
369 3738 434 3785 non
464 3724 586 3786 dubito.
611 3757 653 3767 -
678 3725 734 3786 Vs.
759 3729 789 3788 5.
822 3723 1026 3803 ἀντιπράττειν
1056 3730 1090 3785 et
1120 3740 1196 3785 cum
1222 3725 1370 3787 Iacobsio
1395 3724 1525 3786 ἐπινοεῖν

246 3825 336 3885 reete
358 3824 419 3901 BL,
443 3827 498 3899 qui
521 3827 632 3887 minue
655 3826 868 3902 probabiliter
891 3827 982 3887 addit
1004 3822 1109 3884 ἀντίον
1131 3825 1270 3904 πράττειν
1292 3831 1380 3900 νοεῖς.

204 3925 256 3985 Fr.
286 3926 360 4002 266,
385 3929 415 3985 4.
447 3922 530 3998 ἀξιοῖ
556 3943 614 4002 pro
646 3925 741 3987 οῖἐιαι
765 3943 897 3989 mecum
919 3926 986 4001 ΒΙ.;
1011 3927 1041 3986 si
1065 3924 1156 3986 οἴεται
1180 3942 1301 3988 sanum
1325 3931 1390 4005 eat,
1415 3943 1524 3989 neces·

248 4027 335 4088 sario
365 4027 549 4088 addendum
576 4032 628 4089 est
651 4028 728 4106 δεῖν,
751 4031 835 4104 quod
858 4030 892 4089 in
916 4030 1021 4090 altera
1043 4043 1119 4089 mea
1142 4029 1333 4089 coniectura
1360 4030 1437 4090 fecit
1456 4044 1526 4105 pro·

247 4142 373 4203 ponens
396 4127 458 4186 δεῖν
482 4118 525 4186 ὧν
548 4144 605 4204 pro
628 4119 672 4188 dv
694 4125 758 4207 μὲν,
779 4130 837 4191 sed
861 4130 1059 4205 particulam
1083 4125 1137 4206 μέν
1160 4128 1271 4204 potius
1295 4131 1468 4192 servarim.
1484 4165 1525 4174 -

250 4227 306 4289 Vs.
331 4229 361 4289 7.
386 4219 425 4288 αὖ
449 4227 554 4308 καιρόν
577 4252 643 4289 τινα
667 4234 792 4292 temere
816 4231 865 4292 Bl.
923 4276 928 4285 .

206 4330 257 4390 Fr.
283 4330 358 4390 266.
982 4329 1023 4409 μή
1048 4330 1142 4411 ὥρασι
1164 4327 1219 4409 μὲν

439 4429 481 4489 ιὰ
503 4439 577 4491 τῶν
600 4441 731 4492 κακῶν
755 4426 844 4492 ἵκοιθ’
872 4428 888 4492 ὃ
912 4431 982 4504 τοὺς
1006 4432 1139 4511 θερμοὺς
1164 4431 1281 4511 φαγών.

251 4530 333 4607 Quia
366 4529 407 4608 μὴ
442 4530 535 4611 ὥρασι
560 4566 600 4577 -
623 4532 717 4594 ίκοιιο
737 4556 779 4582 =
800 4530 954 4610 ἀπόλοιτο,
988 4537 1063 4609 apte
1099 4533 1281 4594 correxeris
1316 4536 1375 4595 aut
1408 4534 1528 4607 κακὸς

250 4640 377 4704 κακῶς
407 4636 465 4694 aui
495 4633 632 4707 αὐτοῖς
661 4639 818 4712 κακοῖς,
855 4634 927 4696 6611.
961 4636 1016 4717 Ar.
1041 4634 1196 4709 Equitum
1228 4634 1333 4695 initio.
1359 4668 1400 4679 —
1425 4634 1481 4696 Vs.
1507 4636 1525 4696 7

250 4735 394 4811 pessime
424 4738 533 4797 tentat
562 4736 623 4813 ΒΙ.,
648 4737 705 4796 sed
738 4753 784 4798 vs.
810 4737 830 4797 8
858 4736 999 4797 fortasse
1023 4739 1113 4796 recte
1136 4737 1306 4810 proposuit
1329 4733 1448 4813 εὐτελής
1471 4753 1528 4812 pro

250 4834 382 4916 εὐχερής,
404 4837 489 4910 quod
514 4837 591 4898 ierri
617 4839 741 4911 nequit.

207 4936 259 5000 er.
284 4936 359 5014 268,
384 4937 414 4999 3.
449 4938 569 5018 μεγίστη
598 4938 786 5013 postulatur
816 4938 998 5016 sententia,
1030 4939 1139 5014 agitur
1167 4940 1257 5002 enim
1281 4938 1319 4999 de
1345 4939 1529 5001 insularum
