3502 5512
803 341 864 401 117

216 528 388 590 Manifesta
411 530 499 590 enirn
523 528 641 589 Pollux
663 528 811 590 scribens
837 525 893 587 εἰσί
916 524 949 588 δὲ
971 526 1031 589 ἀπὸ
1054 529 1167 590 τούτου
1190 527 1240 589 κοί
1263 528 1421 608 ὑποκριταί
1443 529 1493 590 καί

216 627 427 707 ὑπόκρισις
460 626 511 688 καλ
545 627 770 704 &veluptate
806 632 979 704 utramque
1010 646 1126 692 vocem
1161 631 1346 706 distinguit.
1381 633 1493 694 Potuit

215 729 438 808 ἀντίκρισις
465 730 649 805 significare
680 729 915 811 αυθυπόκρισις,
944 730 1016 792 sive
1047 731 1186 792 duorum
1207 734 1495 807 antagonistarum

215 833 301 894 inter
334 847 371 892 se
404 832 475 891 sive
509 832 649 892 alicuius
684 847 843 908 personae
878 833 918 893 ad
954 832 1095 893 alteram
1127 835 1308 909 responsio.
1340 835 1495 895 Fortasse

215 934 328 994 autem
358 933 501 1009 pertinet
529 932 569 992 ad
592 929 724 1011 ἀγῶνος,
754 948 893 1007 quorum
917 936 1031 994 tantae
1054 935 1188 995 fuerunt
1210 935 1243 994 in
1263 936 1401 1010 antiquo
1424 936 1493 996 dra·

216 1037 307 1096 mate
329 1037 452 1110 partes.

218 1234 489 1319 Aristophontls
511 1237 550 1298 fr.
574 1238 599 1300 l.
625 1237 765 1314 corrigit
788 1238 916 1299 Nauck:

304 1336 403 1415 σαφὴς
427 1334 444 1398 ί
466 1339 549 1408 (81110
573 1354 673 1400 causa
695 1336 728 1399 δὲ
751 1340 811 1410 Bi.)
834 1338 942 1418 χειμὼν
965 1348 1016 1418 τῆς
1038 1340 1143 1412 πενίας
1167 1338 1245 1400 ἐστίν
1267 1342 1389 1419 λύχνος,

304 1439 422 1499 ἅπαντα
445 1439 600 1515 φαίνων
624 1446 693 1515 (pro
715 1445 786 1512 -νει)
804 1430 845 1500 ’τὰ
868 1439 946 1500 κακὰ
968 1439 1018 1500 καί
1040 1439 1076 1500 τὰ
1099 1440 1236 1520 δυσχερῆ.

217 1541 278 1603 011.
299 1542 407 1603 Prom.
431 1543 525 1619 1015,
547 1544 658 1618 Antig.
678 1545 753 1619 665,
775 1543 876 1604 Anth.
899 1543 966 1605 Pal.
987 1543 1018 1603 X
1040 1544 1113 1620 100,
1134 1543 1264 1605 Diodor.
1284 1544 1377 1604 XVII
1393 1547 1442 1622 10,
1462 1548 1492 1606 5.

215 1643 302 1703 Num
325 1645 440 1704 tamen
462 1645 648 1704 necessaria
670 1644 716 1704 sit
740 1644 897 1706 correctio
920 1645 1044 1705 dubito.

172 1745 224 1806 Fr.
249 1745 279 1819 4,
305 1743 335 1804 2.
437 1740 476 1802 ἅν
500 1766 543 1815 τις
565 1740 658 1827 ἑστιᾷ,
681 1744 804 1825 πάρειμι
827 1753 997 1825 πρῶτος,
1021 1740 1083 1806 ὥστ’
1107 1743 1167 1824 ἤδη
1191 1746 1281 1806 πάλαι

444 1845 739 1925 <Πρατεσί>ζωμος
764 1851 921 1924 καλοῦμαι.

215 1960 318 2021 aeque
337 1945 509 2020 ingeniosa
532 1963 570 2008 ac
592 1947 769 2023 probabilis
789 1951 840 2009 est
860 1948 896 2009 0.
910 1947 1016 2009 Orusii
1034 1949 1232 2010 coniectura.
1254 1984 1293 1993 -
1316 1950 1371 2012 Vs.
1393 1953 1423 2011 5.
1445 1951 1493 2012 Bl.

216 2045 371 2127 ἀναβῆναί
398 2069 433 2126 με
467 2048 517 2108 δεῖ
539 2048 544 2126 Ι
570 2045 685 2127 κλίμακ’
722 2047 742 2129 ἢ
775 2050 906 2127 τείχισμα
938 2050 992 2113 vel
1031 2044 1302 2128 tvatpv'dopatog
1332 2052 1336 2132 Ι
1363 2056 1492 2129 κλιμα-

215 2148 347 2210 κίδνόν
382 2149 501 2226 <tipo
531 2151 703 2222 Καπανεύς.
727 2152 765 2211 In
789 2151 955 2226 posterius
978 2152 1104 2225 etipse
1127 2151 1240 2228 incidi,
1265 2153 1323 2213 sed
1347 2155 1494 2214 retinens

216 2252 339 2313 tradita
368 2248 522 2330 ἀναβῆναί
549 2275 576 2312 π
606 2251 690 2331 πρὸς.
721 2253 792 2313 Non
823 2254 911 2313 enim
945 2253 1039 2313 video
1062 2252 1174 2326 quidni
1197 2249 1374 2331 ἀναβαίνειν
1398 2253 1495 2331 πρὸς

216 2354 344 2431 κλίμακα
367 2354 482 2414 eodem
506 2353 575 2414 iure
598 2354 735 2430 dicatur,
760 2369 823 2427 quo
846 2353 1086 2428 Aristophanes
1110 2353 1194 2413 dixit
1216 2353 1299 2414 Nub.
1324 2354 1408 2415 1486
1432 2352 1446 2414 ἐ
1454 2352 1495 2414 πί

216 2454 345 2532 κλίμακα
370 2489 409 2499 -
434 2452 619 2533 ἀναβαίνων.
650 2454 724 2531 Είμι
754 2459 866 2516 autem
891 2454 998 2515 addidi
1029 2470 1071 2514 ex
1105 2455 1290 2516 Eustathio.
1317 2488 1354 2499 -
1381 2455 1437 2517 Vs.
1463 2459 1493 2520 7.

216 2556 384 2628 κονδύλους
412 2556 549 2616 πλάττειν
578 2556 776 2617 ludibundus
807 2560 904 2632 poeta
934 2556 1026 2632 dicit,
1057 2556 1206 2616 alludens
1242 2557 1282 2617 ad
1316 2556 1496 2634 κανδύλους,

217 2661 334 2719 notum
367 2657 593 2732 placentae
628 2673 731 2732 genus
773 2657 824 2728 (ci.
860 2660 915 2718 Ar.
951 2658 1024 2718 Pac.
1064 2658 1148 2728 123).
1187 2657 1292 2719 Locus
1327 2659 1495 2720 immerito

216 2759 424 2834 sollicitatur,
455 2762 489 2819 et
518 2760 672 2833 quamvis
699 2759 822 2822 dudum
846 2759 907 2820 hoc
930 2759 1130 2835 monuerim,
1155 2759 1337 2820 novissime
1361 2775 1381 2820 a
1403 2759 1496 2835 Blay-

217 2861 307 2921 desio
331 2860 539 2936 ineptissima
562 2862 748 2921 coniectura
771 2860 891 2921 πάννειν
914 2863 948 2921 et
970 2860 1055 2921 aliis.

173 2963 225 3023 Fr.
250 2963 280 3037 7,
307 2964 322 3021 1
349 2963 382 3023 et
406 2962 435 3021 2.
461 2961 628 3037 Quomodo
658 2963 691 3021 hi
720 2962 783 3022 duo
808 2978 874 3023 vss.
900 2962 1098 3023 cohaereant
1122 2961 1204 3023 mihi
1228 2960 1404 3023 obscurum
1429 2965 1494 3044 est,

216 3078 276 3124 nec
301 3062 520 3137 dispelluntur
544 3063 699 3123 tenebrae
723 3063 889 3138 Blaydesii
919 3064 1106 3124 coniectura
1136 3063 1191 3141 γάρ
1215 3061 1290 3121 εἰσιν
1313 3060 1418 3121 αὑταιί
1438 3079 1495 3138 pro

217 3161 500 3244 παρεσκευασμέναι.
531 3196 568 3206 -
595 3164 650 3224 Vs.
673 3167 704 3225 4.
732 3186 764 3242 με
784 3180 841 3239 pro
860 3164 892 3223 τὸ
912 3164 1084 3225 Headlam.
1105 3163 1213 3224 Verba
1236 3163 1356 3225 ultima
1377 3161 1428 3222 καὶ
1453 3198 1493 3207 -

218 3264 382 3340 Λακωνική
416 3264 555 3325 obseura
588 3267 667 3325 sunt
697 3265 885 3341 Blaydesio,
918 3266 973 3339 qul
996 3266 1085 3324 recte
1108 3279 1266 3338 personae
1290 3267 1328 3326 Α.
1361 3266 1495 3326 reddere

219 3366 359 3441 videtur,
383 3380 443 3425 nec
466 3366 536 3440 ipse
559 3366 706 3440 expedio.

174 3469 226 3529 Fr.
247 3468 323 3542 0,1.
341 3466 499 3541 Corrupto
517 3471 596 3528 sunt
616 3468 716 3528 verba
735 3467 851 3527 πολλοι
874 3465 973 3527 ποτέ.
996 3467 1067 3528 Non
1085 3467 1210 3543 inepte,
1231 3468 1289 3528 sed
1303 3469 1494 3547 violentius,

220 3568 310 3630 Kock
352 3566 599 3640 ὑλουοπόνας
641 3569 794 3645 coniecit,
838 3569 891 3630 cui
932 3569 1112 3642 suspicioni
1147 3571 1235 3629 certe
1270 3570 1497 3644 posthabenda

219 3670 383 3745 Blaydesii
406 3673 596 3730 commenta
618 3669 730 3747 μόνους
754 3670 868 3745 σοφούς
891 3670 944 3731 vel
963 3669 1052 3730 πάλαι
1077 3671 1174 3743 (quod
1193 3672 1353 3745 ineptum)
1373 3672 1496 3747 σοφούς.

219 3771 269 3832 lle
299 3771 445 3831 nondum
469 3772 617 3845 poenitet
636 3771 772 3831 lenioris
790 3786 889 3845 quarn
913 3772 1066 3848 proposui
1094 3771 1292 3832 mutationis
1313 3772 1497 3833 ταλαντά-

219 3894 326 3948 νους,
354 3872 491 3946 probata
514 3887 589 3933 cum
619 3871 752 3948 reliquis
777 3873 899 3933 criticis
922 3873 1075 3934 Meinekii
1097 3873 1298 3934 correctione
1320 3872 1498 3953 λεγομένους

219 3988 276 4049 pro
298 3970 476 4051 γινομένους
498 3979 559 4044 (vs.
585 3975 625 4044 2).
652 4008 692 4020 -
716 3975 772 4035 Vs.
797 3976 828 4038 8.
852 3975 944 4053 ἰχθύν
967 3991 1025 4051 pro
1048 3974 1136 4053 ἰχθῦς
1156 3975 1238 4036 citra
1261 3976 1497 4037 necessitatem

220 4075 286 4149 Bl.;
310 4075 436 4148 siquid
459 4075 504 4135 sit
528 4076 738 4153 mutandum,
763 4077 879 4138 eodem
901 4078 971 4139 iure
995 4077 1102 4152 possis
1125 4074 1196 4154 κρέα
1220 4092 1277 4152 pro
1300 4074 1396 4154 κρέας.

176 4177 228 4237 Fr.
255 4177 305 4252 10,
330 4177 361 4236 8.
385 4179 490 4252 θύμου
513 4193 571 4252 pro
595 4177 704 4255 θύμον
728 4179 844 4239 malim
868 4194 943 4239 cum
967 4179 1015 4240 Bi.
1041 4178 1121 4239 Vitii
1147 4194 1248 4240 causa
1271 4178 1333 4238 luit
1356 4194 1497 4252 sequens

220 4277 366 4356 λαχάνων.
381 4311 420 4321 -
433 4277 489 4338 VS.
514 4281 534 4339 4
558 4276 704 4355 μηδέποτε
730 4296 788 4355 pro
814 4278 889 4357 πρὸς
912 4279 944 4340 τὸ
968 4278 1008 4357 μὴ
1027 4280 1129 4355 idem,
1151 4283 1185 4340 at
1205 4280 1245 4340 cf.
1267 4282 1348 4340 VS.l
1370 4278 1445 4359 πρὸς
1465 4279 1497 4340 τὸ

219 4387 336 4457 πεινῆν.
351 4413 391 4423 -
405 4380 529 4440 lbidem
542 4396 599 4455 pro
618 4378 740 4459 ῥύπος
761 4382 837 4450 (nisi
849 4382 933 4443 forte
945 4381 1112 4457 probanda
1124 4383 1177 4441 est
1188 4382 1375 4457 aptissima,
1397 4397 1497 4455 quam

219 4485 351 4558 propter
373 4482 563 4542 violentiam
583 4482 674 4542 Koch
694 4483 866 4544 damnavit
885 4486 982 4544 vetus
1001 4499 1076 4543 mea
1095 4483 1249 4557 suspicio)
1261 4498 1499 4558 nunepropono

221 4582 383 4661 κάπρος,
402 4583 487 4658 quod
505 4584 686 4644 convitium
700 4585 799 4644 etiam
815 4586 948 4658 gravius
960 4588 1012 4645 est
1024 4600 1122 4659 quam
1136 4592 1204 4660 οῦς,
1223 4601 1306 4659 quae
1318 4584 1424 4645 bestia
1436 4584 1498 4644 sal·

220 4689 289 4747 tem
309 4686 350 4747 ab
370 4685 523 4761 agricolis
542 4685 709 4746 interdum
729 4685 869 4747 lavatur.
884 4720 925 4729 -
939 4687 995 4748 Vs.
1010 4688 1039 4746 7.
1060 4687 1197 4747 Frustra
1217 4686 1266 4746 Bl.
1278 4688 1392 4749 tuetur
1410 4678 1497 4762 μήθ’

222 4783 334 4866 ὁρᾶν,
368 4787 473 4862 quod
509 4787 652 4863 pulvis
683 4788 819 4847 visum
851 4788 1071 4863 impediat,
1104 4804 1168 4848 non
1200 4789 1358 4863 reputans
1389 4787 1497 4862 ipsum

222 4889 392 4966 pulverem
416 4890 478 4952 diei
497 4905 562 4951 non
581 4905 677 4966 posse
701 4905 780 4950 non
803 4890 958 4951 videre.
983 4889 1130 4963 Reliquis
1150 4891 1347 4949 coniecturis
1367 4888 1499 4949 accedat
