3502 5512
929 371 949 428 4

275 560 327 622 rr.
352 560 406 621 67.
441 561 479 619 In
510 558 686 620 liunidis
717 560 832 633 agonis
863 559 972 618 locum
1003 559 1187 619 obtinuisse
1221 560 1389 618 certamen
1419 557 1599 626 musicum,

320 663 353 722 in
384 675 448 735 quo
476 661 604 736 priscae
630 661 712 721 artis
734 660 962 735 Terpandreae
992 660 1121 720 assecla
1147 674 1267 734 graves
1290 659 1431 719 fundens
1453 658 1604 732 dactylos

320 763 573 838 congrederetur
608 778 684 822 cum
715 761 912 822 Atheniensi
952 761 1092 835 quodam
1125 763 1223 835 poeta
1253 760 1382 820 novicio
1420 764 1534 821 monet
1564 760 1600 820 0.

320 864 470 938 Orusius,
494 864 549 938 qui
572 864 612 924 ad
636 863 675 925 ir.
697 863 740 924 70
764 880 839 924 cum
863 864 1002 938 Bergkio
1026 864 1102 923 huic
1125 863 1256 923 fabulae
1267 862 1384 922 tribuit
1404 863 1443 924 ir.
1463 864 1542 931 310,
1564 879 1602 922 eo

320 968 469 1028 convicio
499 966 592 1040 tangi
622 967 821 1026 existimans
849 969 997 1027 veterem
1021 966 1219 1027 Boeotorum
1243 966 1420 1039 musicam,
1444 981 1508 1039 quo
1532 979 1600 1039 pro·

320 1068 469 1128 verbium
494 1067 640 1125 Βοιωτίαν
663 1059 702 1125 ὗν
726 1067 894 1127 rettulerit
916 1068 1078 1128 Pindarus
1097 1067 1132 1127 0.
1154 1067 1198 1126 Vl
1222 1067 1265 1126 90
1292 1082 1340 1140 sq.
1365 1067 1442 1141 Ipsa
1461 1065 1603 1127 Corinna

319 1169 435 1230 eodem
464 1168 659 1243 cognomine
689 1166 876 1243 significata
905 1169 1081 1243 ferebatur,
1122 1183 1205 1242 quae
1236 1148 1355 1228 nom'os
1386 1168 1603 1229 citharodicos

320 1270 361 1332 ad
384 1271 507 1331 veteris
531 1270 614 1329 artis
636 1284 788 1330 normam
812 1271 983 1332 condebat.

276 1373 328 1433 Fr.
354 1373 405 1432 72.
427 1366 460 1447 ’ἡ
494 1369 572 1451 γονὴ
606 1387 663 1446 pro
698 1367 737 1448 ἣν
771 1371 844 1454 τύχῃ
879 1376 1005 1434 temere
1025 1373 1089 1450 Β1.,
1128 1389 1188 1434 nec
1226 1372 1404 1447 quidquam
1435 1372 1603 1433 lucramur

321 1473 468 1534 eiusdem
502 1472 586 1533 coni.
618 1472 657 1533 ir.
690 1473 775 1548 74‚1
808 1472 871 1551 ἥκοι
903 1470 936 1533 δὲ
966 1474 1055 1551 δεῦρο
1087 1477 1178 1533 Πᾶνα
1208 1474 1363 1549 μαστεύων
1392 1473 1468 1532 τινά.
1496 1474 1603 1534 Locus

321 1573 524 1647 desperatus.

277 1673 328 1735 Fr.
354 1665 424 1735 76¹).
449 1674 617 1735 Scholium
642 1673 782 1734 Oribasii
805 1675 854 1734 III
876 1691 906 1750 p.
932 1676 998 1736 680
1021 1674 1078 1735 οὐκ
1101 1674 1159 1734 ἔστι
1183 1680 1284 1748 μῦθος
1304 1674 1441 1752 ἔκφορος·
1462 1673 1603 1734 ἐντεῦθεν

322 1771 369 1845 ὡς
392 1771 583 1852 ἄφρονες,
607 1771 647 1844 ὡς
671 1775 858 1851 κρατύνει
882 1776 1042 1853 θύραζε.
1063 1778 1149 1838 Hinc
1168 1777 1280 1838 Nauck
1294 1777 1533 1852 Mel.11p.528
1553 1793 1601 1851 sq.

322 1876 370 1936 III
393 1893 423 1952 p.
448 1877 524 1937 301.
549 1875 593 1935 VI
617 1877 658 1936 63
682 1877 813 1950 egregie
836 1877 923 1937 eruit
945 1892 1080 1938 versum

434 1976 491 2038 οὐκ
514 1975 573 2036 ἔστι
596 1980 726 2051 μῦθος
755 1974 893 2056 ἔκφορος·
921 1977 1160 2039 τούντεῦθεν
1182 1972 1256 2037 ἴσθ’
1283 1976 1452 2054 ἄφωνος,

322 2073 362 2148 ὡς
386 2080 583 2151 Κρατῖνος
609 2076 807 2160 Θρᾴτταις.

322 2178 369 2240 Of.
394 2180 478 2240 Plat.
502 2179 601 2240 Lach.
627 2181 702 2240 201.
727 2177 828 2251 οὐδεὶς
851 2174 929 2251 (οὐδ’
956 2178 1049 2252 ἕστιῗ)
1072 2178 1129 2260 γὰρ
1148 2179 1276 2259 ἔκφορος
1294 2182 1390 2262 λόγος.
1415 2183 1489 2244 Eur.
1508 2183 1603 2258 Hipp.

324 2282 388 2342 295
413 2281 439 2340 εἰ
462 2275 489 2339 δ’
512 2279 640 2356 ἔκφορός
661 2299 708 2340 σοι
728 2280 871 2359 συμφορὰ
891 2280 966 2359 πρὸς
986 2280 1122 2361 ἄρσενας.
1142 2285 1244 2345 Arist.
1262 2284 1396 2345 Thesm.
1410 2286 1475 2345 472
1493 2282 1607 2359 ἐκφορὰ

323 2381 422 2460 λόγον.
447 2382 536 2458 Quae
558 2382 744 2444 locutiones
768 2385 942 2445 cohaerere
966 2386 1119 2446 videntur
1147 2402 1222 2446 cum
1248 2401 1309 2445 usu
1335 2387 1492 2446 hieratico
1516 2401 1608 2445 voca-

325 2483 476 2544 bulorum
499 2481 614 2563 έκφορὰ
639 2482 837 2559 ολοσοφορά.
861 2486 933 2547 Vid.
954 2503 1036 2562 quae
1064 2489 1097 2547 in
1123 2489 1230 2549 lexico
1253 2503 1329 2547 meo
1352 2487 1457 2561 suppl.
1482 2490 1515 2546 et
1531 2486 1606 2546 dial.

325 2585 423 2645 attuli
447 2600 474 2645 s.
500 2601 530 2645 v.
555 2581 707 2663 ἀποφορά.
732 2620 773 2628 -
797 2587 844 2647 οο
868 2604 948 2648 voce
975 2593 1076 2662 μῦθος
1107 2605 1165 2664 pro
1188 2589 1372 2664 vulgatione
1402 2588 1488 2665 λόγος
1513 2603 1531 2647 a
1556 2602 1604 2646 co-

325 2687 421 2746 micis
443 2686 589 2747 adhibito
612 2690 743 2762 praeter
766 2688 1024 2763 Aristophanem
1047 2691 1112 2750 vid.
1136 2690 1262 2750 Jacobii
1284 2688 1397 2748 Index.

281 2836 333 2896 Fr.
359 2837 412 2896 78.
437 2835 520 2897 cum
544 2836 689 2898 Nauckio
713 2838 888 2913 legendum
911 2835 1099 2917 ἀτέφρηκον.

280 2936 332 2998 rr.
356 2938 408 2997 80.
436 2937 594 3015 ,δίλογχον
617 2939 701 2998 nihil
724 2940 813 3000 aliud
837 2938 1003 3014 significat
1025 2956 1125 3014 qnam
1151 2941 1246 3000 deam
1267 2940 1350 3000 duas
1369 2941 1485 3002 hastas
1503 2939 1603 3000 feren·

323 3040 426 3098 tem”.
450 3039 486 3100 0.
510 3039 668 3118 Ribbeck,
694 3042 801 3102 citans
824 3042 982 3102 Roscheri
1005 3043 1135 3103 lexicon
1158 3041 1297 3116 mythol.
1323 3042 1399 3101 782.

282 3140 333 3201 rr.
358 3142 410 3201 83.
442 3140 547 3201 τέλικα
576 3159 634 3218 pro
666 3141 791 3202 σέλινον
821 3145 894 3205 sive
924 3144 1029 3202 σελέκο
1060 3145 1179 3218 ubique
1203 3158 1284 3204 corr.
1308 3143 1356 3203 Β1.
1387 3141 1469 3217 Quia
1491 3145 1605 3201 tamen

324 3241 448 3302 κέλικον
482 3245 614 3306 Boeotis
650 3247 801 3322 Photins,
837 3246 1057 3307 Aeolensibus
1089 3246 1170 3306 Poll.
1205 3246 1236 3305 X
1264 3247 1306 3305 73
1342 3245 1505 3319 tribuunt,
1535 3243 1607 3304 fleri

325 3347 434 3419 potest
453 3351 491 3406 ut
508 3345 612 3405 σέλιιιᾶ
632 3349 677 3408 sit
693 3349 922 3409 nominativus
941 3348 1098 3422 aeolicus,
1123 3362 1190 3407 non
1212 3344 1309 3419 τέλιξ,
1332 3349 1370 3406 ut
1384 3343 1508 3422 Ἔλενα,
1531 3346 1606 3407 alia.

324 3446 476 3507 Poenitet
498 3463 552 3509 me
576 3449 610 3509 in
634 3449 740 3509 lexico
764 3463 838 3509 meo
863 3448 968 3524 suppl.
993 3451 1027 3509 et
1050 3448 1125 3509 dial.
1150 3449 1300 3523 posuisse
1323 3462 1412 3508 nom.
1437 3446 1527 3520 κε’λιξ.

281 3610 332 3671 Fr.
357 3611 410 3671 84.
435 3610 613 3672 Clearchus
636 3627 687 3687 ap.
711 3613 832 3673 Athen.
856 3610 917 3671 XV
941 3612 1044 3672 ouili
1064 3609 1217 3690 προσέχων
1236 3608 1328 3672 οὐδὲν
1347 3621 1386 3695 τῷ
1407 3613 1606 3687 προκαθη-

326 3712 427 3796 μένῳ
458 3711 508 3771 καὶ
539 3713 711 3772 διδάσκοντι
742 3711 793 3772 τὸν
818 3712 917 3791 χορόν.
941 3714 990 3774 Β1.
1015 3715 1153 3788 requirit
1176 3709 1465 3792 ττροιστομένῳ,
1487 3711 1544 3773 sed
1568 3726 1607 3772 eo

325 3828 426 3874 sensu
449 3819 604 3890 expectes
626 3813 898 3891 προεστηκότι.

280 3913 332 3974 Fr.
357 3915 409 3976 85.
435 3910 574 3991 Ἀκέστορ’
599 3913 673 3990 ἀτὰρ
696 3930 754 3990 pro
781 3912 931 3992 Ἀκέστορα
953 3914 1011 3994 γὰρ
1034 3915 1210 3990 Headlam,
1235 3913 1291 3992 γὰρ
1310 3915 1372 3975 del.
1386 3915 1434 3975 Β1.
1455 3914 1501 3974 De
1521 3918 1606 3990 post·

324 4017 431 4090 posito
454 4013 528 4092 ἀτὰρ
552 4016 696 4076 multum
721 4015 844 4075 dubito.

281 4115 332 4176 Fr.
364 4118 417 4177 86.
453 4117 518 4178 Gur
559 4117 680 4177 melius
715 4118 760 4176 sit
793 4113 929 4175 ἀντέδωκε
963 4116 1049 4190 (sl),
1086 4117 1289 4191 reddidit,
1332 4131 1430 4191 quam
1466 4113 1609 4196 ἐπέδωκε,

325 4218 439 4279 ultro
470 4219 604 4294 dedit,
636 4220 670 4278 in
698 4223 768 4279 tam
792 4219 883 4277 brevi
906 4218 1093 4292 fragmento
1117 4217 1269 4291 equidem
1292 4233 1417 4292 nequeo
1441 4218 1608 4291 dispicere.

325 4319 459 4394 Eodem,
485 4322 506 4382 i.
530 4336 558 4382 e.
584 4319 688 4394 nullo,
713 4319 782 4379 iure
807 4319 987 4379 conieceris
1009 4315 1176 4394 παρέδωκε,
1198 4318 1392 4379 tradidit.

280 4421 331 4480 rr.
356 4422 408 4481 96.
441 4422 562 4482 l'orma
591 4421 700 4496 νήθειν
731 4419 816 4494 apud
848 4420 1050 4494 antiquiores
1077 4421 1160 4480 mihi
1188 4422 1344 4494 suspecta
1366 4421 1418 4478 est
1444 4433 1502 4492 pro
1526 4425 1609 4500 vno,

324 4522 410 4596 quod
434 4523 535 4582 etiam
559 4521 689 4580 Platoni
707 4520 834 4580 Politic.
849 4521 953 4581 2890
980 4522 1124 4596 νήθειν
1147 4542 1176 4579 τε
1200 4518 1249 4578 καὶ
1273 4519 1384 4591 ξαίνειν
1407 4519 1607 4578 reddendum

324 4625 465 4684 videtur.
497 4623 602 4699 Quare
632 4619 736 4698 ἠθεῖν,
758 4622 799 4681 de
829 4637 892 4696 quo
920 4623 1012 4683 Kock
1036 4623 1207 4697 cogitarit,
1239 4619 1409 4681 Cratinum
1437 4620 1609 4692 scripsisse

324 4725 533 4801 crediderim,
559 4740 664 4799 neque
687 4726 737 4784 est
762 4738 820 4783 cur
844 4739 920 4783 cum
943 4724 992 4784 Β1.
1017 4724 1176 4783 malimus
1200 4720 1278 4797 ἡοεῖ.

278 4826 331 4887 Fr.
357 4827 456 4902 07,1.
480 4821 647 4904 Γνήσικτ’;
670 4822 742 4902 έρῶ
765 4828 861 4906 πολλῇ
884 4829 1010 4908 σχολῇ.
1036 4824 1234 4885 Rutherford
1257 4826 1291 4882 et
1312 4821 1465 4895 Blaydes.

278 4926 332 4991 Fr.
356 4929 410 5006 98,
425 4932 455 4993 1.
487 4928 553 4991 Vix
583 4931 673 4991 recto
703 4923 862 5006 ἐρέπτομαι
876 4950 918 4976 =
931 4925 1091 5006 ἐρέφομσι,
1114 4927 1135 4987 i.
1159 4941 1188 4987 e.
1221 4921 1380 4999 oripopor,
1405 4930 1612 4999 στεφανοῦμοι

251 5056 262 5069 1
