3502 5512
869 386 888 444 9

257 571 360 632 lateat
386 587 521 634 necesse
546 575 611 648 est,
641 574 699 634 sed
729 573 1004 647 acquiescendum
1031 573 1173 634 arbitror
1202 575 1236 634 in
1260 573 1390 635 illorum
1416 585 1537 632 correc-

258 672 358 734 tione.
384 707 424 717 —
449 675 487 733 In
510 675 562 736 Fr.
587 676 652 736 272
676 672 842 758 bodracum
866 681 956 734 recte
979 673 1121 748 Blaydes
1144 674 1300 749 postulat.

215 773 482 835 incertarum
524 775 766 836 fabularum
808 775 1006 849 fragmentis
1041 791 1058 835 e
1093 776 1342 837 Philetaero
1377 771 1450 831 Vat.
1487 769 1536 830 ed.

260 872 350 934 Oohn
374 875 455 936 Mus.
480 876 584 938 Rhen.
609 892 638 937 a.
665 878 764 953 1888,
797 893 828 952 p.
853 877 917 936 411
950 877 1092 937 accessit
1115 877 1194 938 hoc:
1218 873 1339 956 λαγὼς
1363 870 1414 932 διὰ
1437 878 1490 930 τοῦ
1514 892 1537 929 ω

258 973 388 1052 μεγάλου
412 971 429 1035 ὁ
453 983 587 1055 χερσαῖος
616 976 698 1058 παρὰ
721 983 782 1050 τοῖς
805 981 950 1049 Ἀττικοῖς·
981 977 1096 1058 λοιγὸς
1121 974 1153 1039 δὲ
1177 975 1193 1038 ὁ
1222 975 1340 1049 ἀστικὸς
1369 976 1400 1047 (l.
1423 971 1537 1033 θαλάσ-

259 1079 348 1152 σιος),
370 1074 445 1150 φασὶ
469 1075 501 1138 δὲ
528 1087 633 1140 τοῦτον
652 1077 703 1139 καὶ
719 1078 768 1139 ἴον
786 1077 863 1157 ἔχειν
882 1077 932 1138 καὶ
943 1078 1014 1151 τοὺς
1025 1079 1181 1160 πονηροὺς
1193 1076 1209 1140 ὁ
1223 1082 1372 1156 Κρατῖνος
1392 1073 1537 1156 λαγοὺς

258 1181 348 1237 καλεῖ.
372 1177 418 1239 cf.
444 1180 563 1241 Athen.
588 1181 635 1242 IX
658 1181 769 1242 4011).
796 1215 836 1224 —
861 1181 1011 1241 Indidem
1036 1182 1134 1242 haec:

413 1280 605 1360 πατρικὸς
628 1281 716 1357 φίλος
739 1279 805 1360 οὐχὶ
828 1291 1018 1363 πατρῷος·
1043 1280 1093 1342 καὶ
1117 1278 1133 1342 ὁ
1158 1284 1306 1361 Κρατῖνος

814 1382 957 1462 πατρικὸς
981 1380 1024 1443 ὢν
1048 1383 1135 1461 φίλος

189 1528 195 1541 .
502 1483 572 1544 τάδε
594 1484 796 1562 πυνθάνομαί
817 1502 881 1546 σου.

213 1584 264 1644 Fr.
291 1583 365 1659 279,
385 1586 415 1645 3.
440 1586 528 1646 Βοοο
549 1587 722 1662 vulgatum
742 1590 855 1648 tuetur
878 1588 942 1664 BL,
967 1588 1023 1663 qui
1047 1588 1098 1657 (ad
1122 1587 1161 1648 ir.
1181 1586 1258 1656 278)
1277 1586 1310 1645 in
1330 1584 1539 1660 Hippocratis

257 1684 327 1746 loco
350 1689 439 1749 recte
463 1690 521 1749 aut
545 1689 717 1764 μασιίζουσι
741 1691 800 1750 aut
822 1696 950 1749 πατοῦσι
973 1689 1121 1763 requirit.

213 1785 265 1846 Fr.
292 1788 366 1848 276.
398 1787 481 1848 odio
511 1788 580 1860 τοὺς
605 1806 664 1865 ego
691 1791 771 1851 olim
799 1792 833 1851 in
857 1789 956 1850 odio
977 1785 1051 1869 ’γὼ,
1074 1792 1190 1865 postea
1212 1788 1261 1849 Bl.
1286 1789 1398 1848 minus
1421 1787 1537 1847 leniter

257 1888 291 1947 in
321 1887 479 1965 αὐιήοω
509 1889 715 1953 refluximus.
744 1892 896 1953 Alterum
927 1894 1040 1952 utrum
1071 1906 1188 1951 verum
1213 1891 1274 1951 est.
1302 1889 1461 1965 Apposite
1485 1887 1538 1948 hic

257 1989 312 2049 cit.
336 1988 432 2065 Vesp.
457 1992 536 2068 582,
561 1993 616 2053 ubi
641 1993 753 2053 forsan
776 1996 863 2054 recte
888 1993 964 2053 hinc
984 1986 1068 2064 ἐξόδί
1095 2008 1152 2067 pro
1176 1989 1282 2064 ἔξοδον
1306 1991 1455 2052 coniecit.

213 2091 264 2151 Fr.
289 2091 364 2152 277.
400 2091 448 2152 Bl.
484 2093 540 2154 oft.
573 2094 654 2155 Nub.
690 2095 765 2155 933.
801 2095 877 2168 Lys.
909 2095 984 2154 439.
1017 2094 1136 2154 Aesch.
1173 2092 1316 2168 Choeph.
1352 2093 1433 2167 395,
1468 2091 1538 2150 iure

257 2193 436 2254 defendens
459 2193 551 2277 κάθῃ.

213 2294 265 2354 Fr.
292 2295 366 2355 278.
398 2295 447 2355 Ex
479 2296 625 2357 Zonarae
653 2297 885 2357 observatione
908 2298 1168 2357 consentaneum
1193 2296 1244 2355 est
1268 2294 1437 2357 Cratinum
1463 2294 1538 2354 scri·

257 2396 365 2470 psisse
395 2397 588 2469 καθιζάνειν,
618 2401 657 2458 ut
687 2399 754 2458 iam
786 2398 834 2458 ΒΙ.
868 2398 989 2458 vidisse
1019 2397 1260 2458 animadverto.
1287 2432 1326 2442 —
1355 2399 1412 2474 „In
1443 2398 1538 2457 Aeo·

254 2497 445 2558 iosicone
477 2500 734 2574 Aristophanem
769 2501 911 2561 eundem
943 2501 1106 2561 incertum
1137 2499 1247 2560 locum
1272 2498 1427 2560 habuisse
1450 2497 1539 2558 lucu·

255 2599 361 2659 lenter
384 2600 520 2675 exponit
544 2601 721 2676 Zielinsky,
754 2601 1057 2662 Marchencomedie
1088 2616 1118 2675 p.
1144 2601 1196 2661 38.
1230 2600 1301 2661 Huc
1331 2600 1474 2660 fortasse
1498 2598 1536 2658 ir.

258 2700 320 2759 287
346 2701 554 2762 referendum
579 2705 662 2764 est'’.
688 2704 723 2765 0.
749 2703 894 2764 Orosius.

212 2801 264 2862 Fr.
297 2802 371 2863 279.
415 2803 530 2864 Melius
573 2821 672 2880 quam
714 2805 805 2867 Kock
846 2805 959 2864 Nauck
993 2798 1013 2863 ι’
1047 2801 1231 2880 ἐμαυτῆς,
1271 2802 1413 2876 Blaydes
1443 2821 1480 2860 ιε
1511 2793 1534 2879 γ’

264 2901 389 2979 αὐτὴν
425 2905 476 2964 vel
507 2927 543 2964 τε
576 2906 723 2982 ταύτην
748 2907 969 2967 coniecerunt.

211 3004 262 3064 Fr.
288 3006 366 3080 280,
391 3006 420 3065 si
444 3022 577 3080 sanum,
603 3008 727 3068 dictum
752 3010 785 3067 in
809 3024 866 3068 eos
886 3008 940 3081 qui
960 3009 1059 3068 rebus
1078 3022 1233 3082 perverse
1252 3007 1401 3067 utuntur.
1422 3005 1538 3065 Kockii

255 3107 443 3167 coniectura
470 3109 553 3169 mibi
576 3109 688 3169 minus
711 3108 819 3183 placet
842 3124 940 3183 quam
965 3108 1156 3182 Blaydesio;
1181 3109 1237 3182 qui
1257 3111 1382 3167 temere
1402 3107 1536 3181 insuper

257 3208 365 3268 teniat
388 3204 552 3280 ἀνάπλεως.

211 3308 261 3369 Fr.
287 3310 362 3368 282.
388 3310 480 3370 Kock
502 3309 655 3387 διεπήνισε
678 3309 730 3371 τὸν
753 3310 850 3391 λόγον.
872 3311 999 3372 Vitiosa
1022 3312 1193 3386 anapaesti
1218 3325 1356 3371 caesura
1380 3324 1445 3369 sec.
1470 3307 1535 3382 Bi,

256 3411 311 3483 qui
335 3411 406 3486 ipse
430 3413 539 3472 tentat
562 3419 668 3472 τοῦτον
692 3411 866 3490 διεπήνισας
891 3412 928 3473 σὺ
951 3411 1117 3492 τὸνλόγον
1140 3416 1252 3483 καλῶς,
1275 3411 1392 3472 deletis
1418 3424 1535 3485 parum

255 3512 467 3586 probabiliter
498 3515 609 3574 verbis
640 3510 693 3591 μὲν
724 3505 807 3590 οὖν,
825 3515 942 3588 quibus
973 3516 1117 3575 servatis
1140 3514 1329 3588 scripserim
1354 3520 1461 3571 τοῦτον
1484 3505 1538 3587 μὲν

256 3602 312 3671 οὖν
333 3611 338 3690 Ι
359 3618 455 3684 καλῶς
480 3613 653 3691 orceiacus
678 3615 716 3674 σὺ
734 3614 787 3675 τὸν
806 3616 897 3694 λόγον
917 3637 977 3690 οε,
997 3621 1039 3685 (v.
1061 3630 1087 3675 e.
1109 3614 1187 3690 μάλα
1200 3629 1226 3674 s.
1248 3614 1329 3673 πάνυ
1350 3629 1376 3674 s.
1395 3609 1536 3689 σφόδρα).

211 3714 262 3774 Fr.
289 3715 352 3774 284
384 3716 600 3777 distribuendi
632 3733 705 3777 curn
737 3717 861 3778 Kockio
889 3718 976 3777 inter
1004 3718 1086 3777 duas
1110 3729 1269 3792 personae
1292 3714 1418 3774 nullam
1443 3713 1537 3772 video

258 3807 504 3878 necessitatem.

213 3915 264 3976 Fr.
289 3918 354 3977 288
378 3934 426 3991 sq.
452 3919 498 3979 Gi.
524 3920 688 3993 Biaydesii
715 3920 918 3981 collectanea
941 3937 972 3995 p.
1001 3922 1050 3980 11.

212 4016 263 4078 Fr.
289 4019 353 4079 290
377 4016 504 4097 ἀρίστων
528 4021 651 4081 ironice
675 4022 801 4081 dictum
825 4036 898 4082 esse
922 4021 992 4081 iure
1016 4017 1186 4082 contendit
1209 4020 1245 4081 0.
1267 4019 1411 4079 Orosius.
1440 4017 1537 4077 Falso

255 4119 356 4194 igitur
379 4122 481 4181 etiam
505 4121 553 4181 Bl.
579 4123 719 4183 coniecit
744 4121 865 4197 ἀνδρῶν
888 4131 1049 4201 γυναικῶν.

211 4220 263 4280 Fr.
290 4222 366 4282 294.
390 4219 489 4299 ἅρχων
513 4220 571 4297 εἰμὶ
592 4232 664 4283 νῦν
689 4223 862 4301 Ἀθηναίοις
887 4221 953 4301 ἐγώ.

301 4321 381 4383 Vide
413 4338 455 4384 ne
485 4324 635 4386 additum
669 4333 725 4383 ιον
756 4325 872 4386 Kockii
897 4324 1161 4399 interpretationi
1186 4323 1307 4383 obstet.
1331 4320 1443 4382 Potuit
1466 4320 1538 4403 οἴνῳ

212 4436 218 4462 ··
255 4420 398 4502 ἐπαρθείς
421 4427 469 4486 ita
492 4426 579 4498 loqui
604 4428 778 4502 quispiam.
804 4426 850 4487 ct.
876 4427 1030 4500 Bacchyi.
1055 4426 1094 4487 ir.
1116 4426 1193 4500 27,6
1214 4433 1286 4482 πᾶσι
1311 4418 1337 4482 ο’
1361 4419 1539 4498 ἀνθρώποις

255 4527 453 4602 μοναρχήσειν
477 4526 564 4586 δοκεῖ
583 4531 616 4588 et
639 4531 697 4592 Ar.
715 4528 771 4602 idq.
793 4529 834 4587 29
856 4544 926 4602 sqq.
952 4527 1041 4603 Quod
1065 4526 1163 4587 sitta
1187 4527 1255 4598 est,
1282 4524 1373 4583 locus
1397 4522 1539 4583 sortasse

255 4626 296 4685 ad
319 4625 506 4700 Pytinen
531 4630 583 4688 est
606 4627 806 4688 referendus.

210 4726 262 4787 Fr.
288 4727 363 4787 296.
388 4729 501 4789 Nauck
526 4729 627 4789 verba
650 4729 698 4788 sic
722 4729 876 4802 digessit:

878 4824 911 4901 ὃς
935 4827 990 4904 τὴν
1013 4828 1102 4886 ultus·
1126 4825 1276 4903 ἔκαμπτεν

545 4926 634 5000 ἑστὼς
656 4931 794 5007 χαμᾶθεν
818 4932 886 5004 (pro
910 4926 1058 5007 χαμάθεν)
1082 4925 1179 5003 ἄκροις
