3502 5512
889 352 951 410 144

527 527 582 605 τὴν
603 525 721 608 ἡδονὴν
744 527 760 591 δ
783 540 898 610 πρῶτος
921 531 1048 594 αὐτῶν
1071 532 1313 611 καταμαθὼν

527 638 578 708 τῆς
600 632 745 708 λοπάδος,
766 630 936 710 ἀνεπήδησε
957 631 1108 713 κᾶφευγεν
1130 636 1228 720 κύκλῳ

526 729 580 808 τὴν
602 727 710 792 λοπάδ’
735 732 820 812 ἔχων,
842 731 953 794 ἄλλοι
977 729 1005 794 δ’
1031 733 1156 795 ἐδίωκον
1178 734 1253 796 κατδι
1274 734 1379 808 πόδας.

527 831 617 910 ἐξῆν
640 830 857 907 ὀλολύζειν·
882 837 913 896 οἳ
934 831 989 913 μὲν
1012 835 1151 914 ἥρπασάν
1173 860 1203 898 τε
1225 837 1296 917 γάρ,

526 936 557 995 οἲ
578 930 606 995 δ’
632 934 737 1014 οὐδέν,
762 939 792 997 οἳ
814 933 847 996 δὲ
869 936 1005 997 πάντα.
1029 935 1085 997 κτὲ.

302 1039 358 1098 Vs.
386 1040 436 1097 14.
472 1035 585 1113 αὐτῶν,
614 1039 684 1098 soil.
716 1040 948 1113 convivarum,
980 1041 1037 1100 vix
1067 1055 1201 1116 sanum,
1231 1041 1307 1115 quia
1330 1040 1411 1101 nulli
1434 1041 1467 1100 in
1490 1055 1579 1116 prae·

301 1141 425 1217 gressis
456 1140 614 1200 convivae
644 1145 958 1203 commemorantur.
991 1143 1075 1203 Olim
1107 1144 1261 1218 proposui
1284 1138 1300 1202 δ
1322 1150 1437 1218 πρῶτος
1459 1138 1581 1219 ἀνθρώ-

302 1263 368 1302 νιον
386 1242 491 1313 [οῖνον]
512 1239 636 1317 μαθών,
658 1257 719 1302 neo
741 1243 862 1303 melius
881 1244 978 1303 hodie
998 1244 1081 1303 mibi
1100 1245 1273 1304 succurrit.
1288 1276 1329 1286 -
1349 1243 1404 1303 Vs.
1428 1244 1478 1303 16.
1499 1240 1583 1301 ἄλλοι

303 1343 440 1417 requirit
451 1342 511 1418 Β1.,
531 1342 589 1403 sed
604 1345 841 1419 comparationi
853 1345 904 1415 (cf.
917 1341 1009 1420 ἕτερον
1021 1360 1069 1405 vs.
1086 1347 1137 1414 13)
1149 1345 1268 1406 melius
1281 1345 1435 1406 convenit
1447 1345 1584 1404 omissio

303 1442 443 1504 articuli.
469 1477 509 1487 -
530 1444 585 1504 Va.
609 1446 660 1505 17.
691 1442 761 1521 ἐξῆν
784 1441 935 1517 ὀλολύζειν
959 1450 1012 1516 (an
1033 1443 1102 1524 ἐξῆν
1127 1440 1191 1515 di)
1221 1445 1462 1506 dubitabundus
1484 1445 1582 1504 inter·

304 1548 429 1619 pretor:
461 1544 623 1605 licebat
653 1544 757 1616 (mihi)
788 1546 957 1607 ululare
987 1563 1065 1623 prae
1095 1547 1226 1622 gaudio,
1259 1547 1344 1621 quod
1368 1546 1451 1606 viles
1473 1547 1583 1621 pisces

303 1650 374 1706 tam
397 1648 526 1722 egregie
556 1661 805 1724 apparaveram‚
837 1650 873 1709 ut
899 1649 938 1710 de
968 1649 1083 1710 frustis
1112 1651 1298 1725 pugnarent
1328 1649 1499 1722 convivae,
1524 1648 1582 1707 sed

302 1749 375 1807 sine
398 1748 619 1808 controversia
642 1749 891 1824 corruptissima
914 1753 992 1811 eunt
1015 1751 1114 1812 verba
1137 1750 1167 1810 οἳ
1189 1746 1221 1810 δὲ
1243 1747 1355 1825 πάντα,
1378 1763 1438 1808 neo
1460 1747 1584 1808 sufficit

304 1848 421 1909 Koclrii
451 1848 639 1908 coniectura
662 1847 694 1907 oi
714 1842 741 1907 δ’
768 1845 899 1925 ἐδέοντο,
929 1851 1030 1912 nimis
1054 1851 1159 1912 debile
1182 1850 1331 1912 verbum.
1362 1849 1428 1909 Neo
1455 1846 1584 1908 felicius

302 1946 388 2009 πέντε
411 1965 468 2023 pro
490 1947 588 2006 πάντα
606 1951 777 2024 proposuit
795 1950 912 2025 Naber,
932 1966 1038 2025 neque
1057 1951 1212 2025 intellego
1232 1950 1398 2025 Blaydesii
1411 1950 1583 2009 tentamen

303 2049 335 2110 oi
361 2049 469 2120 πάντες
495 2045 533 2107 ἄν
556 2046 665 2127 ἔλαβον
687 2048 791 2128 μόνον.
820 2051 1023 2113 Mediocriter
1053 2053 1154 2112 etiam
1174 2051 1283 2127 placet
1305 2050 1389 2124 quod
1413 2049 1475 2122 ipsi
1498 2047 1584 2107 milri

304 2152 395 2212 Venit
418 2151 450 2210 in
474 2153 637 2211 mentem:
658 2151 688 2210 οἳ
706 2144 735 2210 δ’
757 2146 896 2223 οὐδέν,δ
920 2146 946 2210 δ’
970 2150 1046 2226 ἔφλα
1064 2155 1199 2229 πλεῖστα,
1218 2151 1311 2210 καίτοι
1333 2146 1399 2225 κτὲ,
1420 2150 1497 2223 quia
1515 2148 1584 2209 tale

304 2253 379 2327 quid
404 2252 470 2312 fere
490 2251 680 2313 abundaret.
703 2286 742 2296 —
763 2252 819 2313 Vs.
846 2254 897 2312 20.
918 2252 945 2311 εἰ
967 2247 994 2312 δ’
1016 2251 1125 2333 ἔλαβον
1148 2250 1236 2331 ἄρτι
1260 2250 1407 2328 σκάρον
1438 2246 1457 2326 ἢ
1476 2243 1507 2308 ’κ
1531 2257 1584 2325 τῆς

304 2358 430 2429 Ἀττικῆς
450 2351 455 2428 Ι
477 2350 737 2431 γλαυκίσκον-ἣ
754 2347 999 2433 ’ξ”Αργους-ἢ
1015 2348 1045 2412 ’κ
1064 2362 1116 2432 τῆς
1135 2357 1302 2423 Σικυῶνος.
1324 2351 1389 2411 Sub
1402 2348 1465 2426 ἄρτι
1479 2350 1585 2410 latere

303 2451 412 2532 ἄρκτον
435 2454 576 2515 feliciter
600 2455 683 2514 vidit
700 2455 805 2530 Koclr,
829 2455 887 2516 sed
906 2457 1042 2516 invento
1062 2471 1122 2516 suo
1142 2455 1229 2515 male
1249 2470 1330 2515 usus
1349 2456 1400 2514 est
1419 2452 1586 2513 coniciens

301 2552 424 2633 ἄρκιον,
452 2554 611 2634 σκόμβρον.
644 2555 762 2617 Veram
793 2557 1060 2618 emendationem
1094 2557 1181 2618 ultro
1215 2555 1363 2630 suggerit
1396 2553 1585 2614 observatio

302 2655 412 2716 omitti
434 2670 500 2714 non
522 2657 669 2729 potuisse
691 2660 823 2732 propter
846 2660 1019 2732 sequentia
1042 2659 1113 2719 eius
1131 2659 1231 2733 piscis
1250 2657 1420 2731 originem.
1444 2654 1588 2717 Dederat

303 2773 344 2818 ne
367 2759 467 2832 poeta
489 2752 634 2834 ἄρκτον
659 2757 835 2835 Πάριον1
858 2757 905 2820 cf.
931 2758 1139 2820 Archestrati
1155 2758 1193 2819 fr.
1216 2772 1266 2832 ap.
1287 2755 1407 2817 Athen.
1428 2756 1531 2815 11192
1545 2755 1583 2815 d:

302 2857 372 2929 τοὺς
403 2865 461 2934 μῦς
485 2849 579 2928 Αἶνος
609 2855 665 2935 ἔχει
689 2858 851 2938 μεγάλους,
882 2856 997 2936 ὄστρεια
1022 2854 1049 2918 δ’
1068 2856 1215 2936 Ἄβυδος,
1238 2856 1289 2928 τὰς
1312 2853 1483 2934 ἄρκτους
1509 2855 1584 2913 Πά-

302 2980 404 3037 ριον,
437 2957 508 3029 τοὺς
542 2953 575 3016 δὲ
608 2954 714 3031 κτένας
748 2954 767 3035 ἡ
800 2958 972 3035 Μυτιλήνη.
1003 2960 1047 3020 At
1077 2960 1148 3020 lure
1172 2960 1255 3020 mihi
1278 2958 1470 3019 obmovebis
1493 2958 1587 3017 urbis

302 3060 388 3120 Parii
419 3059 588 3120 ethnicum
618 3073 692 3120 esse
725 3056 893 3136 Ποριονός,
923 3060 1008 3134 quod
1039 3075 1104 3121 non
1127 3060 1311 3120 admittunt
1333 3059 1472 3118 numeri.
1497 3056 1580 3132 Quin

300 3162 402 3236 igitur
424 3161 631 3236 reponimus:

568 3258 596 3318 εἰ
617 3253 644 3318 δ’
671 3257 778 3336 ἔλαβον
801 3257 946 3336 ἄρκτον
971 3259 1176 3337 Παρλοθεν
1199 3257 1256 3319 κτὲ.

302 3361 471 3423 Facillime
506 3360 900 3419 ΑΡΚΤΟΝΠΑΡΙΟΘΕΝ
934 3363 967 3422 in
998 3360 1261 3421 APTlCKAPON
1299 3360 1387 3420 abire
1430 3360 1581 3432 potuisse

302 3466 391 3527 cadit
420 3465 454 3524 in
485 3462 606 3523 oculos.
633 3494 673 3506 -
694 3461 750 3522 Vs.
783 3462 824 3522 25
853 3475 901 3534 sq.
933 3461 1035 3521 Recte
1063 3461 1223 3521 Richards
1253 3457 1403 3537 νεκροὺςΙ
1428 3454 1576 3529 <ὄντος>

302 3565 374 3626 δταν
405 3562 462 3624 κτὲ.

257 3669 308 3728 Fr.
330 3668 384 3728 80.
422 3666 532 3741 „Tosti
566 3666 673 3739 pisces
707 3677 772 3723 non
808 3663 1002 3739 prostabant
1032 3664 1066 3721 in
1097 3661 1200 3722 foro.”
1231 3661 1279 3722 Β1.
1311 3662 1443 3721 Meliora
1469 3659 1582 3720 docuit

301 3768 392 3828 Koolr
416 3767 457 3826 ad
482 3765 547 3825 h.l.

258 3870 308 3930 Fr.
333 3870 386 3943 84,
411 3869 440 3926 2.
473 3863 547 3923 κατὰ
578 3859 605 3923 δ’
639 3859 722 3924 ἔσειδ
756 3879 832 3924 mea
860 3865 1048 3924 coniectura
1077 3866 1143 3944 est,
1172 3878 1235 3923 non
1259 3863 1426 3937 Meinelrii,
1451 3861 1504 3921 oui
1523 3863 1593 3929 tri,

302 3970 372 4029 buit
394 3967 457 4041 Β1.,
482 3966 566 4040 quod
590 3966 705 4025 sciam.
730 3965 803 4039 Ipse
826 3963 949 4038 profert
971 3964 1182 4023 incredibilia.

257 4071 309 4130 Fr.
334 4071 386 4143 88,
413 4068 443 4130 2.
475 4064 597 4138 ἐξετάζει
620 4066 669 4125 Β1.
694 4069 752 4124 aut
777 4061 816 4122 ἄν
840 4087 883 4134 τις
907 4062 1030 4143 ἐξετάζῃ.
1056 4097 1095 4104 -
1121 4063 1176 4122 Vs.
1204 4063 1254 4121 12.
1278 4060 1339 4138 μὴν
1362 4076 1420 4136 pro
1444 4058 1482 4138 δὴ
1502 4065 1580 4131 (0111.

303 4175 338 4228 Α.
359 4172 390 4227 Β.
415 4167 515 4236 Stob.)
540 4171 573 4226 et
597 4166 664 4226 alia
685 4167 790 4241 idem,
816 4165 1001 4225 sollicitans
1025 4165 1126 4224 etiam
1151 4178 1200 4222 vs.
1229 4164 1279 4223 13.

257 4272 308 4331 Fr.
334 4273 375 4330 89
401 4285 448 4328 vs.
475 4270 504 4327 7.
529 4267 695 4343 Posidippi
719 4268 757 4327 ir.
782 4267 824 4324 40
848 4265 904 4325 oft.
929 4263 1114 4323 Β1.-1ο.
1143 4267 1192 4322 11.
1221 4258 1288 4321 καθ’
1314 4259 1367 4320 ἕνα
1393 4264 1481 4322 recte
1505 4263 1581 4324 blei·

300 4373 383 4431 neke
407 4370 458 4439 (cf.
482 4370 521 4429 fr.
546 4371 598 4444 46,
626 4371 673 4442 2),
698 4364 826 4442 ἀτέχνως
849 4365 898 4423 Β1.

256 4474 307 4532 Fr.
332 4473 385 4547 90,
410 4475 441 4531 4.
477 4469 565 4541 ἄλλος
598 4484 656 4544 pro
690 4464 787 4524 ἄλλον
819 4465 934 4524 malim
966 4480 1042 4524 cum
1072 4464 1274 4524 Richardsio.
1301 4497 1341 4508 -
1362 4463 1418 4523 Vs.
1451 4466 1480 4524 b.
1509 4463 1582 4547 λέγῃ

300 4574 347 4633 Bl.
373 4607 415 4615 —
439 4573 493 4632 Vs.
519 4574 548 4631 8.
573 4569 731 4644 Proposui
754 4564 824 4648 λένῃ
848 4580 906 4640 pro
926 4573 1037 4646 σκοπῇ,
1056 4565 1105 4624 Β1.
1127 4573 1226 4647 φρονῇ
1246 4565 1351 4640 (quasi
1374 4578 1450 4623 vero
1473 4566 1584 4639 possit

300 4675 418 4748 aliquis
448 4676 572 4749 φρονεῖν
602 4667 684 4740 ἐκτὸς
715 4663 856 4735 ἒαυτοῦδ)
889 4668 947 4725 atil
970 4663 1081 4746 φάσκῃ.
1108 4699 1146 4708 -
1173 4665 1228 4724 Vs.
1254 4667 1284 4724 9.
1315 4667 1451 4723 κακοῖσιν
1474 4665 1580 4740 idem,

298 4777 451 4852 quamvis
474 4773 613 4847 probans
638 4771 753 4831 Kookii
778 4773 838 4839 τοῖς
863 4758 957 4825 οὖσιν.
982 4764 1043 4825 cst.
1069 4766 1235 4840 Aristoph.
1259 4765 1297 4825 ir.
1319 4765 1350 4822 ΙΙ
1372 4766 1456 4823 1049
1481 4765 1582 4824 11.-

300 4878 355 4936 Vs.
379 4877 428 4935 10.
453 4872 506 4932 τάν
530 4871 609 4954 αὑτῷ
634 4878 759 4932 temere
783 4869 936 4944 Blaydes.
