3502 5512
847 366 911 426 215

216 547 268 608 Fr.
304 547 369 609 882
411 547 467 610 οὐκ
509 545 760 628 ἐπιγλωττήσομαι
801 550 997 624 quantocius
1039 549 1224 611 delendum.
1267 551 1453 612 Permirum
1488 556 1539 613 est

166 683 176 697 -
261 648 436 726 Kockium‚
460 650 686 726 Blaydesinm,
711 651 820 725 ipsum
843 650 1025 712 Nanclrium
1049 650 1163 710 fallere
1185 651 1333 726 potuisse
1355 652 1464 713 locum
1484 668 1538 713 no·

261 750 429 811 tissimum
453 753 508 812 Ar.
533 752 671 825 Lysistr.
697 753 757 812 37:

459 850 610 932 περὶτῶν
632 855 771 931 Ἀθηνῶν
794 847 823 912 δ’
850 851 921 914 οὐκ
944 850 1294 932 ἐπιγλωττήσομαι

459 960 598 1014 τοιοῦτον
621 952 719 1014 οὐδέν.

215 1053 266 1114 Fr.
291 1053 355 1113 886
390 1069 456 1116 non
491 1055 609 1117 comici
643 1056 701 1117 sed
737 1056 907 1131 scriptoris
940 1054 1103 1131 pedestris
1138 1070 1211 1115 esse
1246 1054 1393 1115 ostendit
1426 1055 1539 1117 Nauck

261 1153 282 1215 l.
295 1153 316 1214 l.
340 1170 371 1230 p.
400 1156 473 1218 137.

216 1255 267 1315 Fr.
292 1255 367 1316 888.
392 1257 560 1319 Menandri
582 1259 621 1319 fr.
646 1259 721 1334 462,
749 1260 787 1319 11
813 1255 1054 1336 ὑποβινητιῶντα
1078 1256 1219 1337 βρώματα
1243 1257 1297 1317 cit.
1321 1256 1473 1331 Bloydes.

216 1355 268 1416 Fr.
293 1357 368 1417 890.
393 1357 464 1420 Vid.
489 1359 603 1419 Nauck
627 1360 648 1420 l.
672 1360 694 1420 l.
718 1377 748 1435 p.
777 1361 849 1421 160.

217 1456 266 1517 Fr.
292 1458 367 1518 898.
403 1459 577 1521 Manifesto
611 1477 677 1522 non
711 1462 897 1523 defenditur
930 1460 1103 1538 ποντοκύπη
1138 1459 1215 1541 γονή
1247 1465 1334 1529 (rere
1364 1461 1538 1538 παντοκύκη

260 1560 431 1637 Arcadius)
452 1562 619 1623 vocabulis
639 1562 851 1642 ποννοφοὶρυγξ
870 1567 904 1624 et
922 1561 1160 1642 πονποχοὶρυβδις
1179 1561 1308 1623 collatis
1322 1561 1536 1635 aBlaydesio.

215 1659 265 1720 Fr.
290 1661 365 1723 890.
401 1663 542 1725 Prorsus
576 1665 723 1725 alienum
758 1668 809 1725 est
844 1664 936 1723 δικῶν
967 1664 1157 1744 γοργαθούς,
1187 1663 1355 1737 Aristoph.
1387 1663 1426 1724 ir.
1461 1663 1535 1738 217,

259 1763 345 1835 quod
368 1769 537 1840 comparat
561 1766 609 1827 Bi.

216 1862 266 1923 F'r.
293 1864 368 1925 902.
394 1864 475 1926 Poll.
501 1866 577 1925 VIII
602 1867 655 1926 81.
680 1865 862 1944 Σκυρίαν
886 1865 1003 1945 δίκην

304 1960 503 2041 ὀνομάζουσιν
533 1966 561 2026 ot
592 1966 897 2050 κωμῳδοδιδάσκαλοι
926 1965 981 2044 τὴν
1011 1970 1161 2047 τραχεῖαν,
1185 1963 1224 2044 ἣν
1248 1966 1279 2026 οἱ
1300 1966 1537 2046 φνγοδικοῦντες

261 2062 440 2141 ἐσκήπτοντο
471 2065 512 2137 εἰς
541 2070 665 2145 Σκῦρον
700 2064 719 2146 ἢ
755 2066 796 2139 εἷς
831 2072 961 2146 Λῆμνον
996 2064 1172 2146 ἀποδημεῖν.
1207 2069 1297 2128 Haec
1330 2083 1395 2128 11011
1430 2068 1537 2142 magis

260 2165 415 2241 intellego
449 2183 548 2242 quam
583 2168 737 2246 Blaydes,
778 2171 870 2229 cuius
904 2173 1017 2231 tamen
1052 2170 1198 2231 violenta
1231 2170 1418 2231 coniectura
1451 2168 1537 2248 πρό-

260 2282 384 2341 φασιν
419 2272 531 2344 apcrte
565 2270 646 2329 nihil
677 2269 854 2347 proficitur,
887 2272 963 2345 quia
995 2273 1067 2346 ipsa
1098 2270 1165 2347 δίνη
1195 2286 1260 2331 non
1290 2270 1397 2344 potuit
1427 2270 1538 2330 vocari

260 2371 461 2441 praetextus.
494 2371 699 2432 Sententiam
730 2372 850 2433 misere
880 2374 1049 2433 turbatam
1079 2389 1152 2433 esse
1186 2373 1293 2433 locent
1318 2371 1449 2431 Macarii
1474 2372 1536 2431 loci

260 2468 304 2527 [V
328 2471 380 2530 76.
408 2473 459 2546 77,
484 2487 564 2545 quos
588 2472 679 2533 Koclr
703 2473 815 2533 attulit
839 2474 887 2533 111
910 2489 983 2549 pag.
1009 2476 1061 2535 71.
1086 2473 1156 2533 Nisi
1175 2473 1280 2549 fallor,
1305 2487 1371 2533 non
1395 2472 1537 2532 Pollucis

260 2573 312 2629 est
342 2575 493 2650 τραχεῖαν,
521 2573 577 2633 sed
608 2573 852 2648 interpolatoris
876 2575 1078 2636 adiectirum
1101 2574 1227 2653 σννρλαν
1250 2574 1300 2634 sic
1323 2574 1536 2648 interpretan-

260 2670 305 2729 us
337 2670 388 2739 (ef.
419 2670 451 2731 τὸ
483 2680 594 2751 σαῦρον
615 2697 656 2721 --
676 2675 792 2753 λατύπη
824 2678 857 2735 et
880 2674 988 2753 σκυρός
1009 2698 1050 2723 =
1072 2674 1211 2754 σκιρρός).
1242 2676 1396 2735 Fortasse
1419 2673 1536 2734 Pollux

260 2772 395 2834 dederat
434 2772 489 2852 τὴν
522 2775 684 2853 <δίκην>,
728 2771 768 2853 ἣν
802 2775 833 2836 οἱ
865 2777 1101 2856 φυγοδικοῦντες
1130 2773 1202 2855 nrt,
1236 2771 1374 2852 litem,
1414 2791 1535 2849 quam

260 2875 328 2948 qui
360 2876 587 2951 fugiebant
617 2878 938 2953 praetexebant
961 2881 1023 2939 etc.

214 2976 266 3035 Fr.
291 2976 366 3038 939.
391 2977 607 3040 Probabiliter
630 2976 876 3059 ἀντιπελοὶργησις
900 2981 1041 3041 coniecit
1063 2980 1112 3040 Bl.

209 3078 264 3139 Fr.
289 3081 363 3140 946.
394 3080 514 3141 Utrum
533 3082 745 3157 praeferenda
764 3084 809 3144 sit
827 3083 1038 3158 grammatici
1056 3084 1089 3142 in
1108 3082 1247 3143 Bekkeri
1259 3079 1427 3141 anecdotis
1439 3079 1536 3140 lectio

257 3177 532 3260 ἀποκραιπαλισμδς
556 3199 598 3245 an
623 3184 740 3244 Suidae
765 3185 845 3254 (cod.
871 3189 910 3254 A)
934 3179 1291 3263 διποκεκραιπαλισμένος,
1317 3181 1400 3254 quod
1420 3180 1536 3254 probat

258 3281 321 3358 Bi,
357 3298 454 3345 nemo
489 3286 678 3346 mortalium
710 3287 793 3347 scire
827 3288 945 3360 potest.
982 3286 1064 3361 Quia
1093 3288 1206 3345 tamen
1238 3285 1369 3359 propter
1397 3281 1535 3341 verbum

257 3383 399 3459 simplex
428 3390 595 3463 κραιπαλᾶν
620 3386 833 3447 verisimilius
859 3389 912 3447 est
935 3387 1155 3461 compositum
1180 3385 1282 3444 fuisse
1306 3380 1535 3460 ἀποκραιπαλολν

258 3486 315 3543 aut
356 3482 639 3564 ἀποκροιπαλησμός
676 3489 735 3557 (sic
767 3488 870 3562 Kock,
903 3488 975 3547 sine
1013 3502 1113 3546 causa
1143 3484 1351 3560 improbante
1382 3483 1442 3552 Bi.)
1477 3484 1535 3542 aut

257 3580 590 3665 αἰποιιιιραιπαλημένος
613 3590 794 3663 genuinum
819 3602 891 3647 esse
916 3588 1065 3648 arbitror.

214 3685 264 3745 Fr.
289 3687 364 3747 949.
388 3684 589 3766 ἆρπαξόμιλος
609 3707 666 3765 pro
685 3689 786 3766 -μίλης
806 3705 882 3750 vere
902 3688 1027 3765 Nauck,
1049 3688 1121 3748 coll.
1139 3686 1291 3764 εὐόμιλος,
1309 3685 1533 3765 εὐπροσόμιλος.

214 3786 264 3847 Fr.
297 3789 372 3849 953.
415 3785 622 3868 ἀσπανάζομαι
661 3788 919 3868 (ἁσπαπάζομαιῖ)
955 3806 1013 3864 pro
1048 3786 1216 3866 ἀσπάζομαι
1251 3789 1336 3863 apud
1371 3788 1533 3849 comicum

256 3891 367 3952 nescio
391 3908 488 3966 quem
512 3895 654 3954 fortasse
678 3894 784 3955 dicere
806 3893 972 3969 putandus
998 3895 1051 3953 est
1073 3891 1189 3952 balbus
1212 3894 1269 3951 aut
1292 3890 1402 3950 ebrius
1425 3889 1534 3949 balbu-

255 3993 356 4070 tiens,
381 3996 494 4068 quales
516 3997 696 4058 introducit
718 3996 867 4056 Plautus.

213 4093 264 4153 Fr.
289 4096 363 4156 957.
396 4096 459 4158 Gur
490 4099 537 4158 Bl.
569 4097 772 4176 depectitur
804 4098 967 4172 (Hippon.)
1000 4095 1120 4157 melius
1147 4097 1268 4158 iudicet
1291 4113 1391 4171 quam
1415 4099 1533 4176 βαμβα-

256 4196 352 4267 λύζειν
376 4199 487 4267 (Bekk.
511 4201 586 4270 An.)
611 4200 730 4262 vellem
754 4200 963 4275 explicasset.
988 4201 1145 4273 Equidem
1170 4200 1299 4260 collatis
1322 4200 1438 4260 formis
1457 4201 1533 4278 βαιο

255 4297 372 4375 βαίνειν
402 4303 435 4360 et
464 4301 645 4380 βαμβάλλειν
674 4303 784 4378 potius
818 4302 857 4362 de
892 4302 1017 4363 formae
1052 4302 1308 4377 Hipponacticae
1342 4301 1533 4362 sinceritate

256 4399 446 4479 dubitarim,
472 4420 546 4464 curn
569 4405 766 4480 praesertim
789 4402 961 4482 βάμβανυς,
984 4403 1166 4481 βαμβανελα,
1188 4403 1412 4482 βαμβακεύσρια
1431 4405 1532 4465 notio·

254 4517 315 4563 nes
337 4503 482 4565 habeant
503 4506 600 4580 longe
624 4506 783 4566 diversas.

211 4605 261 4666 Fr.
287 4607 362 4666 946.
387 4605 522 4685 βούχοας
542 4629 592 4678 τις.
612 4607 659 4667 Bl.
679 4607 850 4686 βούριοστος
868 4608 921 4668 vel
933 4606 1099 4687 βούρομος.
1113 4608 1223 4668 Satius
1238 4611 1289 4668 est
1301 4623 1366 4669 non
1378 4610 1530 4683 tangerel

210 4707 262 4766 Fr.
287 4708 361 4768 969.
391 4717 488 4792 <τςο>
515 4708 627 4785 σώματι
650 4724 692 4768 ex
716 4709 883 4784 Hesycbio
906 4708 1038 4785 supplet
1061 4710 1109 4770 Bi.

211 4811 262 4871 rr.
295 4812 369 4872 980.
405 4810 598 4886 διεψάθαλλε.
640 4811 774 4873 Praeter
815 4811 960 4887 simplex
995 4812 1036 4871 ef.
1071 4808 1317 4889 ἀναψαθοίλλιιν,
1357 4811 1534 4889 ψαλάττειν,

254 4910 490 4990 teroaldum,
513 4916 661 4990 ψηλαφᾶν
685 4915 746 4974 ete.
