3502 5512
889 352 953 410 220

260 529 312 588 Fr.
340 528 434 589 1328.
458 530 604 593 Nauckio
627 531 647 590 l.
661 531 682 590 l.
707 530 812 591 multo
836 534 1035 607 probabilius
1058 536 1138 595 haec
1164 533 1264 594 verba
1285 532 1434 593 tentasse
1454 528 1589 588 videtur

305 630 450 691 Meineke
473 634 506 692 in
530 633 698 705 Philologo
721 631 797 690 XIV
821 649 850 707 p.
877 634 929 694 22.

261 731 312 791 Fr.
339 731 434 792 1232.
471 733 612 794 Omnino
643 733 724 796 nihil
755 736 871 795 comici
901 751 1017 811 sapere
1049 737 1101 797 hic
1130 736 1222 797 iocus
1245 735 1328 795 mihi
1351 733 1492 793 videtur.
1517 731 1587 790 Nec

304 832 399 892 facile
422 838 520 908 poeta
544 837 690 897 comicus
712 836 860 912 μοιχεύων
884 832 975 908 ἁλοὺς
1000 837 1140 897 dixisset
1164 852 1221 911 pro
1246 840 1347 912 μοῖχσς
1371 830 1473 902 ἁλούς.

261 931 312 991 Fr.
339 933 433 993 1340.
470 935 590 996 Utrum
625 936 819 996 Fustathius
854 937 980 998 dederit
1008 937 1093 1011 quod
1125 938 1265 998 traditur
1295 935 1461 1011 ξυράμενον
1489 936 1586 1004 (quae

303 1032 410 1094 forma
440 1040 572 1112 saepius
602 1040 685 1113 apud
718 1037 852 1099 infimae
883 1041 1004 1100 aetatis
1034 1041 1210 1113 scriptores
1233 1038 1384 1107 occurrit)
1408 1050 1450 1095 an
1474 1034 1584 1111 ξυρού-

305 1155 396 1210 μενον
428 1140 475 1206 (61
503 1140 637 1212 corrigit
659 1139 719 1207 Bl.)
749 1154 866 1213 parum
891 1140 1005 1219 refert,
1037 1139 1094 1199 sed
1124 1142 1152 1199 si
1176 1155 1252 1200 vere
1275 1138 1323 1199 Β1.
1349 1139 1397 1197 116
1420 1135 1582 1207 correxit,

305 1251 362 1296 cur
385 1239 580 1299 mendosum
604 1241 736 1313 reliquit
758 1241 842 1312 quod
867 1242 982 1300 statim
1006 1241 1216 1314 subsequitur
1239 1239 1408 1314 ξύρεσθο61

261 1337 312 1395 Fr.
340 1338 434 1398 1352.
470 1340 583 1401 Nauck
617 1341 689 1401 1161.
715 1340 758 1399 Vl
781 1357 812 1417 p.
841 1342 901 1401 163
937 1342 1130 1416 „Fresenius
1160 1347 1194 1401 et
1223 1343 1257 1402 L.
1279 1340 1369 1402 coho
1401 1339 1585 1399 docuerunt

304 1437 513 1499 Eustathium
536 1441 618 1501 haec
638 1444 886 1519 transcripsisse
908 1445 1046 1505 collecta
1068 1444 1108 1504 ab
1131 1445 1214 1504 aliis.
1239 1444 1308 1504 Hae
1326 1442 1440 1503 sordes
1459 1439 1584 1513 petitae

304 1542 447 1599 6661611
470 1541 624 1602 Suetonio
647 1542 713 1620 περὶ
736 1544 966 1622 βλασφημιῶν.”
988 1579 1029 1588 -
1050 1546 1312 1620 Hipponacteum
1338 1540 1512 1620 βορβορόπη
1532 1537 1581 1597 Bl.

305 1644 475 1714 comparat
497 1657 572 1701 cum
597 1644 786 1722 Παρθενόπη
810 1650 843 1707 et
866 1646 1053 1725 Σαλαβακχώ
1085 1647 1227 1707 formato
1256 1661 1299 1705 sx
1329 1635 1582 1720 ooiddq=dmi

261 1738 313 1798 Fr.
340 1741 435 1800 1361.
459 1743 508 1801 Ad
533 1744 668 1804 verbum
694 1746 843 1818 λαικάζειν
866 1747 967 1808 alludi
990 1749 1086 1824 putat
1107 1747 1156 1808 Bi.

262 1839 313 1899 Fr.
341 1841 436 1901 1362.
471 1844 562 1904 idem
598 1846 705 1906 deleto
734 1847 754 1902 Ξ
783 1848 881 1908 scribi
916 1849 988 1909 vult
1029 1845 1375 1924 λακκοσοννέρδην,
1409 1841 1582 1904 conterens

304 1941 504 2019 λακκόπεδον,
543 1946 784 2025 λακκόπρωκτος,
823 1948 1017 2027 λακκοσχέας,
1050 1950 1107 2009 sed
1141 1949 1255 2010 docere
1289 1944 1487 2023 supersedit,
1524 1941 1580 2015 qui

304 2043 437 2104 tandem
468 2047 568 2121 piscis
598 2049 708 2109 salsus
731 2047 880 2128 σαπέρδης
904 2068 1023 2112 666166
1047 2052 1159 2112 indere
1181 2051 1326 2127 potuerit
1347 2044 1500 2123 podici,
1530 2043 1580 2102 sic

304 2145 392 2204 enim
427 2145 614 2222 Hesychius
647 2150 1013 2231 λακκοσκονέρδης·
1048 2150 1283 2229 λακκόπρωκιος.
1325 2149 1430 2224 Quare
1459 2158 1579 2206 sanam

304 2246 410 2307 iudico
437 2250 595 2310 traditam
618 2254 830 2330 scripturam,
855 2257 888 2315 61
911 2255 1011 2315 alludi
1034 2255 1074 2315 ad
1097 2255 1180 2314 66116
1203 2253 1351 2329 amplum
1373 2251 1521 2310 foramen
1545 2246 1580 2304 in

304 2348 392 2423 palo,
413 2364 470 2424 por
493 2352 577 2424 quod
601 2353 634 2411 in
657 2353 733 2415 ludo
757 2357 809 2415 cui
832 2354 1032 2433 σκάσερδα
1055 2370 1175 2416 661666
1199 2355 1288 2413 16616
1310 2351 1469 2412 116166166
1492 2351 1579 2422 6161,

305 2464 367 2522 quo
390 2450 453 2509 duo
476 2453 567 2525 pueri
591 2454 664 2527 palo
687 2454 857 2515 adstantes
881 2471 998 2517 averso
1022 2471 1155 2531 corpore
1179 2456 1261 2514 aiter
1279 2454 1421 2513 altorum
1444 2464 1579 2509 sursum

303 2550 433 2610 trahere
457 2553 655 2614 nitebantur.
679 2555 725 2616 01.
750 2555 868 2616 Pollux
886 2558 932 2617 IX
955 2560 1027 2618 116.
1047 2556 1268 2618 Translationi
1286 2556 1428 2615 16116666
1446 2549 1583 2611 lavabat

303 2650 484 2713 similitudo
512 2655 671 2728 quaedam
696 2658 929 2720 vocabulorum
952 2658 1104 2735 σκάπερὸο
1127 2661 1160 2718 61
1181 2654 1360 2731 octodecimo,
1390 2656 1427 2713 ut
1450 2654 1583 2711 vetares

304 2751 337 2809 in
361 2754 588 2829 etymologicis
611 2756 848 2820 absurdissima
871 2776 1017 2835 quaeque
1040 2760 1215 2820 admisisse
1239 2757 1379 2817 constat.

261 2851 312 2911 Fr.
340 2853 434 2913 1367.
460 2855 652 2918 Suetonium
676 2861 761 2935 apud
785 2862 948 2922 Millerum
980 2862 1035 2922 611.
1059 2861 1171 2920 Nauck
1197 2859 1216 2919 l.
1241 2859 1262 2918 l.
1285 2873 1316 2933 p.
1340 2857 1416 2916 415.
1443 2887 1482 2897 -
1508 2852 1580 2912 Νώ-

304 2955 420 3029 θθυρθς
444 2955 464 3014 i·
490 2971 519 3029 (1.
552 2958 671 3036 νωθρὸς
701 2960 827 3036 (νωθὴς)
858 2961 912 3037 τὴν
943 2961 1038 3039 οὐράν
1060 2985 1101 3009 =
1121 2959 1175 3036 τὴν
1206 2958 1313 3037 κέρκον
1342 2959 1414 3017 sivs
1444 2953 1476 3015 τὸ
1507 2951 1579 3025 πέος

304 3067 378 3113 6666
400 3055 501 3115 611616
524 3059 595 3119 6166
617 3060 789 3134 Blaydesio
811 3064 982 3123 sciremus.

261 3154 311 3215 Fr.
339 3156 434 3215 1372.
471 3156 650 3234 Utrobique
685 3164 769 3237 apud
804 3164 969 3224 Pollucem
1001 3179 1058 3238 pro
1090 3162 1121 3221 oi
1148 3157 1272 3236 κωμικοὶ
1303 3159 1352 3219 Bl.
1384 3157 1521 3230 requirit
1551 3157 1584 3215 oi

306 3256 451 3335 Appiani,
485 3263 520 3319 at
549 3261 595 3321 ita
625 3265 816 3343 661Δώριοι
847 3269 904 3326 661
928 3270 1065 3340 Δωριεῖς,
1095 3264 1128 3323 61
1158 3262 1263 3338 161161,
1292 3260 1491 3335 scripsisset.
1516 3259 1580 3318 Sed

306 3359 345 3418 61.
370 3360 485 3419 Kockii
507 3364 630 3425 notam.

261 3461 312 3521 Fr.
340 3462 434 3522 1376.
466 3465 718 3541 σεσωσμένοι·
750 3466 871 3546 γυναικὶ
902 3467 1097 3546 συγγεγονὼς.
1129 3466 1315 3539 speciosius
1345 3477 1442 3536 quam
1468 3461 1580 3520 verius

305 3564 353 3623 Β1.
385 3565 524 3624 66616611
557 3566 798 3648 σεσῃσμένος
833 3569 1038 3639 (drained).
1068 3568 1138 3626 Non
1170 3566 1258 3625 enim
1290 3561 1330 3634 ὡς
1360 3561 1410 3621 διὰ
1436 3561 1580 3620 κοσκίνου

305 3665 365 3723 viri
385 3680 422 3725 66
446 3669 521 3725 6616
545 3670 791 3745 perfungantur.
817 3672 941 3730 Durum
964 3687 1044 3730 sane
1067 3674 1118 3729 est
1142 3668 1311 3742 vulgatam
1333 3667 1381 3726 ita
1403 3664 1578 3740 explicare,

305 3767 397 3825 6116
421 3770 590 3828 comoedia
621 3773 730 3846 aliqua
760 3775 846 3834 dicta
876 3776 919 3833 sit
943 3773 1083 3833 antehac
1105 3769 1332 3844 desponderit,
1357 3782 1444 3827 nunc
1466 3766 1578 3841 salvo,

304 3882 378 3926 cum
403 3871 516 3927 amata
539 3873 663 3944 potitus
686 3876 739 3933 sit.
765 3875 845 3950 Quid
868 3875 972 3934 lateat
995 3888 1059 3932 non
1084 3873 1216 3946 exputo.

259 3969 309 4027 Fr.
339 3969 422 4027 1383
446 3972 567 4030 -1582,
604 3972 649 4032 06
684 3976 734 4033 his
770 3976 883 4036 Kockii
914 3972 1213 4033 halucinationibus
1243 3971 1357 4031 Nauck
1387 3972 1408 4032 l.
1440 3970 1475 4045 1.,
1515 3984 1579 4042 qua

304 4074 375 4129 erat
398 4071 506 4130 iudicii
537 4076 680 4135 sanitate
705 4078 754 4136 vir
777 4078 932 4151 eximius,
958 4089 1072 4135 severe
1096 4074 1153 4133 sed
1176 4073 1298 4147 optime
1322 4073 1489 4132 iudicavit.

261 4171 311 4230 Fr.
340 4172 433 4246 1389,
458 4174 478 4232 l.
504 4176 523 4232 6
548 4191 590 4234 ex
614 4177 744 4236 Pindari
768 4179 805 4238 11.
834 4180 894 4238 169
919 4182 1032 4239 661616
1054 4193 1127 4237 6666
1150 4175 1318 4250 perspexit
1340 4174 1437 4233 idom.

261 4273 310 4331 Fr.
339 4275 433 4348 1573,
458 4291 487 4347 p.
513 4278 588 4350 681,
614 4278 633 4336 i.
663 4279 701 4336 10
725 4294 771 4352 sq.
797 4281 951 4354 Aeschyli
975 4281 1088 4340 66111.
1114 4269 1329 4346 2501Ν611ἒ).

349 4367 1596 4450 061Κ6611116666116111611666661616161610611661666116

303 4475 411 4534 locum
444 4479 654 4553 denegaverit
675 4483 798 4556 ignoro.
832 4483 912 4556 Quia
935 4487 1047 4543 tamen
1072 4484 1111 4542 ad
1136 4482 1196 4541 hoc
1219 4485 1316 4554 eaput
1339 4477 1504 4551 pertinent
1527 4476 1580 4535 hic

303 4577 435 4652 addam,
465 4596 547 4652 quae
571 4598 590 4640 a
615 4584 693 4642 viris
717 4584 822 4643 doctis
846 4588 920 4657 post
942 4566 1140 4644 Meiuekium
1164 4584 1311 4642 66616616
1334 4596 1406 4640 esse
1425 4578 1579 4653 cognovi:

304 4679 359 4737 Vs.
388 4683 436 4740 13.
462 4684 507 4741 01.
533 4684 614 4743 Men.
640 4685 684 4742 IV
708 4686 772 4744 293
804 4688 838 4745 61
870 4687 932 4745 264
965 4685 1062 4759 Soph.
1087 4685 1125 4743 11.
1151 4684 1214 4742 296
1239 4682 1320 4752 (Β1.).

305 4788 359 4846 Vs.
385 4789 436 4846 30.
462 4788 636 4847 Richards:
663 4784 678 4845 b
702 4786 824 4864 χρηστὸς
848 4803 906 4862 pro
929 4784 1055 4864 ἄριστος.

304 4894 359 4952 Vs.
386 4894 427 4951 34
442 4915 482 4937 =
497 4890 664 4952 Menandri
688 4891 726 4949 ir.
753 4892 827 4949 595.
