3502 5512
826 389 890 448 213

197 574 248 634 Fr.
274 574 349 634 643.
374 573 533 634 Headlam
558 569 659 647 οὐδέν,
682 573 787 633 (161616
811 578 932 652 φαγεῖν,
954 573 1052 634 scribi
1076 566 1394 646 11661,Βλούὁ’ἕν’
1419 566 1512 631 (ἰδόντ’

241 671 298 752 ἔχει
321 678 437 754 φαγεῖν.
461 675 569 734 'Peneo
593 673 678 747 quod
702 673 780 734 olim
803 675 967 749 proposui.

196 777 248 839 Fr.
272 777 348 836 649.
373 775 513 850 Blaydes
536 790 720 850 proponens
742 772 817 833 ἔστα
839 780 903 834 τοῖν
927 775 991 844 (vel
1013 779 1090 843 ταῖν)
1114 773 1244 852 γνάθοιν
1265 789 1330 834 non
1350 775 1515 849 reputavit

241 876 385 954 ἕσττάτην,
420 875 557 956 ἔβοάτην,
591 874 751 953 ἕφοιτάτην
787 893 806 937 a
840 877 1057 952 grammatico
1091 877 1185 936 citari
1220 878 1257 936 ut
1287 875 1393 935 dualis
1424 875 1516 934 attici

241 979 403 1055 exempla.

196 1080 247 1140 Fr.
272 1080 336 1140 668
368 1095 447 1140 num
479 1081 593 1153 poetae
623 1079 668 1138 sit
699 1079 824 1155 dubito,
848 1081 1021 1154 propterea
1043 1078 1128 1152 quod
1155 1079 1255 1138 etiam
1278 1077 1518 1136 Demosthenes

239 1181 358 1255 aliique
392 1180 561 1255 pedestres
594 1180 739 1254 imagine
773 1181 825 1240 usi
859 1181 937 1240 sunt
970 1179 1096 1239 eadem.
1129 1178 1233 1253 Quare
1264 1177 1345 1238 nihil
1379 1177 1516 1251 impedit

238 1282 415 1356 quominus
438 1281 541 1356 ipsius
564 1279 690 1340 Libanii
714 1281 794 1340 haec
818 1280 917 1340 verba
940 1281 1017 1340 sint.

195 1384 246 1443 Fr.
279 1384 354 1444 660.
397 1384 538 1464 βουλιμιᾷ
580 1379 615 1438 τὰ
656 1380 826 1459 βαλλάντια.
866 1382 966 1442 Recte
985 1381 1050 1448 ‚sic
1084 1381 1230 1441 Neineke
1265 1383 1299 1440 et
1333 1380 1424 1440 Kock
1458 1395 1516 1454 pro

239 1483 391 1560 βαλάντια.
423 1483 556 1543 Falsum
587 1486 639 1542 est
668 1482 753 1556 quod
777 1482 825 1542 Bi.
849 1483 895 1541 ait
919 1482 1002 1542 hanc
1025 1482 1167 1542 formam
1193 1487 1302 1555 (quarn
1327 1482 1421 1541 unice
1445 1496 1512 1555 pro-

238 1585 314 1645 bam
337 1599 411 1645 6666
434 1587 574 1654 constat)
600 1589 704 1645 metro
728 1585 839 1644 minus
862 1583 1046 1644 convenire.
1075 1582 1156 1658 Quid
1180 1583 1267 1642 enirn
1288 1584 1379 1641 vetat
1398 1580 1512 1641 scribi:

1084 1684 1224 1765 ψήφῳ

414 1818 475 1861 5-
497 1790 540 1855 (v.
566 1801 592 1845 o.
616 1780 713 1862 ἡμῶν)
738 1783 772 1844 τὰ
796 1784 958 1864 βαλλάντια
981 1815 1043 1844 υ-
1064 1785 1068 1861 Ι
1087 1815 1149 1858 ς·
1169 1782 1173 1862 Ι
1194 1786 1277 1844 υὲἱ)

193 1888 244 1948 Fr.
270 1889 345 1948 660.
371 1887 462 1946 Idem
486 1887 606 1961 partim
632 1902 708 1947 cum
733 1887 847 1947 Kockii
870 1884 1018 1962 supplet:

448 1981 552 2064 ἄγνωτ’
578 1984 683 2063 ἑορτὴν
711 1985 865 2049 <ἐνθάδ>
894 1986 925 2046 οἱ
945 1984 1064 2046 κλέπται
1093 1987 1258 2064 (συχνοὶ).

238 2089 349 2147 Ρ66616
373 2088 474 2147 etiam
505 2088 671 2146 (πυκνά).
694 2122 733 2131 -
755 2088 891 2149 Frustra
912 2088 1045 2169 explere
1069 2091 1205 2147 conatur
1228 2088 1265 2148 fr.
1292 2089 1356 2147 666
1381 2090 1414 2146 61
1438 2088 1512 2146 668.

195 2190 246 2248 Fr.
272 2190 347 2248 667.
372 2188 515 2262 Hesyoh.
536 2187 754 2266 deducetur
781 2188 1016 2266 δημηγόροι·
1037 2186 1083 2247 ἐπὶ
1104 2196 1157 2248 τοῦ
1177 2188 1268 2248 λίθου
1289 2184 1433 2264 ὀμνύντες
1456 2185 1514 2246 κτὲ.

238 2290 372 2349 Rectius
392 2289 492 2349 rerba
515 2290 554 2349 M.
569 2291 720 2351 Schmidt
743 2292 842 2351 verba
866 2292 914 2350 sic
933 2290 1068 2365 digerit:
1092 2289 1324 2365 λιθαμόιαι·
1349 2288 1515 2367 δημηγόροι

238 2387 285 2449 ἐπὶ
309 2387 365 2449 κτὲ.
389 2405 494 2464 nequo
514 2392 695 2453 audiendus
715 2393 763 2453 Bl.
784 2393 931 2452 scribens
954 2391 1174 2467 deodiceret
1198 2390 1432 2469 δημηγόροι·
1457 2387 1514 2449 ἐπὶ.

197 2493 248 2551 Fr.
274 2493 348 2552 669.
381 2491 536 2552 Fortasse
565 2497 652 2554 recte
676 2494 742 2554 Bi:
775 2491 835 2570 ἠχὼ
862 2492 1005 2571 ττετραλαν
1031 2491 1136 2553 <aab
1163 2492 1434 2571 χντρόττολιν....,
1456 2491 1514 2551 sod

238 2593 325 2653 malo
349 2593 434 2668 apud
458 2594 650 2655 Strabonem
675 2593 837 2671 λεπρότητα
861 2595 1000 2655 coniecit
1023 2609 1080 2668 pro
1103 2593 1280 2672 λυπρότητα.

195 2696 247 2755 Fr.
273 2696 347 2754 673.
372 2694 443 2754 Vid.
468 2695 509 2755 ad
532 2690 572 2755 fr.
598 2696 672 2755 600.

193 2795 244 2854 Fr.
271 2796 345 2855 707.
370 2795 463 2856 Ρ1101.
488 2793 577 2854 τᾶλλα
599 2794 648 2854 καὶ
669 2795 1019 2872 φιλώμεθατφιλῶμεν
1039 2794 1193 2872 ἀλλήλους.
1222 2797 1409 2872 Respondet
1428 2796 1512 2855 locu·

238 2897 320 2957 tioni
343 2896 557 2958 Germanicae
580 2897 731 2958 Nichts
754 2898 819 2959 fiir
843 2899 989 2973 ungutl
1014 2897 1151 2958 Frustra
1174 2895 1211 2973 ὀὴ
1232 2914 1289 2973 pro
1309 2895 1358 2955 καὶ
1378 2897 1514 2971 requirit

237 2997 285 3058 Bl.
328 2997 552 3059 Grammatico
594 2999 706 3059 Nauck
746 2999 887 3059 reddidit
925 2996 1016 3061 <ἑν>
1054 2995 1098 3057 ivl
1140 3002 1172 3059 et
1215 2996 1421 3076 διαφερόμεθα
1455 3013 1513 3072 pro

236 3100 454 3161 coniunctivo.

192 3200 243 3261 Fr.
269 3201 344 3261 714.
369 3201 511 3274 Hesyoh.
536 3195 602 3260 οὐδ’
631 3197 853 3278 ἐτρύπησεν
876 3198 1037 3276 κρόκην·
1062 3195 1153 3259 οὐδὲν
1176 3199 1339 3278 εἰργάσατο.
1364 3198 1444 3274 Quid
1468 3199 1513 3257 stt

236 3302 455 3376 perforare
486 3302 722 3376 subtemen,
755 3303 837 3362 mihi
861 3303 1036 3362 obscurum
1061 3305 1121 3362 est.
1146 3301 1288 3361 Verbum
1315 3301 1370 3359 vix
1394 3315 1511 3359 sanum

237 3402 375 3461 videtur.

192 3502 243 3560 Fr.
270 3503 343 3562 766.
367 3501 449 3561 Cum
473 3501 589 3579 βλιτορῖ
610 3502 658 3562 Β1.
683 3507 851 3577 comparat
874 3502 1086 3577 Eupolidaum
1110 3504 1222 3581 ταγορῖ.

194 3602 244 3661 Fr.
271 3603 344 3662 744.
370 3602 477 3662 Verba
510 3603 669 3674 Ἀστυάναξ
704 3601 811 3681 γέγονα
847 3605 1010 3663 Stratonis
1040 3619 1113 3664 esse
1144 3605 1244 3665 Anth.
1276 3604 1343 3664 Pal.
1376 3603 1438 3662 XII
1472 3605 1509 3662 11

238 3702 475 3762 animadvertit
496 3704 618 3764 Nauck.

194 3802 245 3863 Fr.
271 3804 345 3863 746.
381 3803 516 3865 Temere
547 3806 594 3865 Bl.
627 3809 763 3894 lltcureeg⁸
789 3821 847 3882 pro
878 3806 1054 3867 sanissimo
1086 3803 1190 3883 άστῖγς,
1219 3822 1279 3867 1166
1301 3807 1421 3867 11161166
1444 3811 1510 3868 ten-

237 3905 321 3964 tavit
345 3905 382 3966 11.
409 3906 484 3981 764,
510 3907 563 3966 ubi
587 3909 733 3982 speciose
758 3907 906 3967 Schmidt
929 3905 1017 3984 σέβας
1040 3924 1098 3982 pro
1121 3906 1206 3980 σέλας
1231 3909 1377 3970 coniecit.

193 4006 243 4066 Fr.
269 4008 342 4067 764.
368 4007 472 4067 Kock:
495 4008 668 4071 Herodian.
689 4009 791 4084 1389,
805 4009 857 4068 40.
878 4009 990 4069 Nauck
1013 4010 1099 4083 „imo
1111 4010 1223 4086 Steph.
1237 4011 1315 4082 Byz.
1329 4025 1357 4084 p.
1373 4011 1446 4083 221,
1459 4011 1511 4069 3.'’

193 4106 244 4166 Fr.
272 4109 345 4168 768.
381 4110 452 4168 Iam
484 4109 703 4170 Gaisiordium
736 4110 858 4170 vidisse
888 4110 987 4170 verba
1016 4126 1090 4171 esse
1121 4111 1213 4171 Pauli
1237 4112 1276 4170 ad
1300 4110 1511 4170 Timotheum

238 4226 263 4269 c.
289 4212 320 4285 4,
346 4212 365 4270 6
389 4213 519 4271 monuit
542 4213 666 4273 Nauck.
691 4212 912 4272 Nihilominus
935 4213 1020 4273 idem
1045 4214 1163 4288 repetit
1186 4213 1233 4272 Bt.

192 4311 244 4370 Fr.
269 4312 343 4371 770.
368 4308 458 4371 οὐδὲν
483 4347 522 4356 -
548 4307 601 4372 ἐστ’
628 4310 796 4390 άιιάμοιον.
827 4312 968 4373 Ρ1616611
995 4315 1226 4388 proculdubio
1250 4315 1347 4388 poeta
1370 4328 1411 4371 ex
1435 4313 1512 4371 noto

237 4427 335 4472 761611
365 4413 580 4475 Α101111001160
609 4414 766 4492 χρημάτων
797 4412 965 4473 ἄελπτον
996 4414 1115 4474 οὐδέν
1139 4413 1246 4474 ἐστιν
1270 4409 1335 4474 οὐδ’
1363 4411 1512 4490 ἀπώμο-

236 4534 316 4588 τον,
349 4515 433 4587 quod
468 4519 638 4589 praeterea
668 4533 685 4576 e
717 4516 863 4576 numeris
899 4520 1033 4590 apparet
1066 4519 1100 4576 et
1130 4532 1171 4576 ex
1206 4514 1443 4575 ἀνέλπιστον
1478 4514 1511 4573 in

237 4629 286 4673 vs.
312 4615 341 4674 2.
366 4614 514 4675 Indidem
539 4617 605 4676 iarn
629 4617 806 4691 Sophocles
828 4618 905 4676 Ant.
930 4616 995 4676 888
1019 4614 1107 4691 άναξ,
1130 4618 1280 4695 βροτοῖσιν
1304 4614 1420 4676 οὐδέν
1442 4608 1510 4674 ἐστ’

170 4787 173 4794 Ι
238 4712 451 4792 άτιάμοτον.
476 4715 522 4778 Of.
547 4717 650 4778 etiam
672 4717 839 4791 Eupolidis
863 4716 986 4776 Πόλιων
1009 4717 1048 4778 11.
1074 4719 1131 4778 26;

481 4816 510 4875 τί
531 4813 558 4876 δ’
584 4813 635 4877 ἐστ’
663 4817 850 4894 Ἀθηναίοισι
872 4811 979 4894 πρᾶγμ’
1005 4814 1229 4894 &nouorum

237 4920 323 4979 Nihil
347 4924 460 4980 autern
484 4922 536 4980 est
558 4921 591 4979 in
616 4920 676 4980 hoc
699 4920 886 4994 fragmento
910 4922 1019 4979 vetere
1043 4919 1213 4980 comoedia
1236 4921 1417 4996 indignum.
