3502 5512
827 353 885 410 107

194 535 246 596 Fr.
274 535 346 612 126,
375 537 390 595 1
423 551 472 611 sq.
505 537 702 598 modulatius
733 537 839 598 idem:
866 533 952 597 Ἥκω
983 535 1085 596 Σίκων
1105 531 1110 613 Ι
1131 529 1325 613 βεβρεγμένος
1352 548 1440 592 <τε>
1466 525 1517 589 καί

238 634 513 714 κεκωθωνισμένος.

194 736 245 797 l'r.
272 738 344 814 128,
373 742 400 799 1.
425 746 478 798 τσο
508 741 712 816 corruptum,
745 755 806 801 nec
836 741 1039 817 probandum
1072 738 1314 799 Meinekianum
1345 755 1403 806 τοις
1429 733 1517 793 recte

237 836 288 897 ταί
311 838 371 914 Bl.,
396 839 452 914 qui
475 838 649 900 infeliciter
673 856 730 916 pro
753 839 807 918 την
827 838 900 903 δδίν
920 841 1079 902 ariolator
1097 837 1149 899 τδν
1168 839 1222 916 χόα
1242 837 1295 899 vel
1313 834 1347 896 τδ
1366 834 1516 912 πρόπομα.

238 939 408 1001 Immerito
433 955 526 1001 meae
550 942 756 1003 coniecturae
775 936 859 1021 τήνδ’
890 941 964 1019 ὅλην
986 942 1104 1003 obiecit
1128 940 1232 1015 Kock,
1258 939 1343 1012 quod
1366 937 1517 998 maxima

237 1055 314 1115 pars
344 1042 420 1103 vino
451 1042 613 1117 explenda
642 1046 746 1117 esset;
777 1045 853 1119 quid
888 1050 976 1105 enim
1011 1042 1151 1119 impedit
1180 1040 1357 1114 quominus
1380 1038 1517 1114 impleta

237 1141 304 1202 iam
327 1142 439 1219 fuerit,
466 1158 540 1204 cum
565 1143 647 1204 haec
670 1145 879 1205 dicerentur?
903 1145 960 1205 Sin
984 1145 1112 1219 miuus,
1137 1143 1245 1219 possis
1268 1141 1356 1220 τήνδε
1376 1160 1434 1217 μοι.

194 1243 246 1304 Fr.
280 1245 353 1321 129,
383 1247 413 1307 2.
444 1246 481 1306 Ο.
518 1245 653 1307 Orosius
688 1246 836 1321 apposite
871 1246 954 1307 citat
987 1245 1107 1307 Zenob.
1144 1244 1227 1306 25οε
1264 1241 1318 1314 είς
1352 1239 1515 1321 ἀρχαίας

238 1345 405 1421 φάτνας·
437 1343 484 1406 tut
518 1355 577 1406 τῶν
612 1343 805 1419 ἄπολαύσεώς
835 1368 915 1419 τινος
949 1344 1135 1408 ἐκπεσόντων
1164 1339 1225 1406 είτα
1260 1344 1349 1403 τισίίιν
1384 1340 1431 1402 ἐστὶ
1461 1339 1515 1418 τὴν

237 1442 363 1526 ἀρχαίαν
394 1446 545 1509 ίίθόντων
576 1447 704 1508 δίαιταν.
729 1483 768 1494 -
794 1450 856 1510 Ριο
887 1451 1008 1527 ζητοῦσι
1038 1465 1113 1510 cum
1145 1447 1291 1509 Nauckio
1321 1447 1517 1522 expectatur

238 1552 380 1609 ποθοῦσι.

194 1648 245 1710 Fr.
273 1651 346 1727 130,
372 1652 401 1712 2.
427 1650 462 1710 τά
485 1672 513 1711 τε
537 1645 620 1730 μηρί’
648 1654 777 1727 requiro
802 1668 878 1714 cunr
903 1654 951 1714 Bl.

193 1749 244 1811 δί.
272 1752 343 1812 131.
368 1753 554 1814 Admodum
579 1751 747 1828 ingeniose
771 1755 802 1816 h.
828 1754 849 1816 1.
875 1756 1018 1817 tentavit
1038 1757 1142 1831 Koclr,
1163 1757 1221 1817 sed
1244 1755 1365 1834 τιάρεστι
1391 1751 1517 1813 servari

234 1867 332 1928 posse
355 1854 485 1915 videtur
504 1856 590 1915 etin
610 1870 768 1930 responso
787 1860 981 1932 expectatur
1000 1859 1162 1934 particula
1180 1857 1402 1919 adversativa.
1419 1853 1518 1914 Venit

238 1954 271 2015 in
295 1957 459 2016 mentem:

411 2055 452 2117 ὀὐ
475 2056 539 2127 (vel
563 2047 593 2135 ἦ)
617 2056 788 2130 Λευκάδιος
810 2057 951 2137 ττάρεστι;
976 2061 1008 2119 Β.
1032 2056 1083 2118 ναί
1106 2059 1261 2137 μελίττιον,

416 2156 546 2230 οἰνίσκος
570 2151 668 2231 (οὗτος
696 2154 737 2230 δ’)
761 2156 798 2220 οὔ
821 2181 848 2219 τι
871 2159 994 2238 πότιμός
1022 2158 1111 2226 (ἐστι
1134 2161 1224 2239 δη).

239 2257 381 2320 Nonne
410 2248 533 2321 ad'est
564 2261 707 2322 vinum
734 2262 1009 2324 Leucadium?
1040 2264 1075 2324 B.
1102 2264 1179 2336 ita,
1205 2264 1258 2323 mi
1283 2261 1514 2335 corculum,

238 2359 309 2420 sed
341 2360 443 2421 haec
475 2376 608 2437 vappa
639 2366 704 2423 est
734 2365 981 2439 neutiquam
1012 2365 1232 2440 potabilis.
1261 2363 1424 2425 Athenaei
1443 2361 1516 2420 libri

238 2461 369 2521 variant
391 2462 426 2521 in
449 2459 535 2522 σδττω
558 2465 592 2523 et
615 2462 700 2522 οὕτω.
725 2464 837 2525 Possis
861 2465 982 2525 etiam:

816 2563 867 2625 ναί
891 2561 1021 2644 Μέλιττ’,
1043 2563 1059 2627 ὁ
1083 2563 1116 2626 δὲ

550 2663 682 2737 οἰνίσκος
706 2658 792 2738 οὗτος
817 2664 854 2727 oti
877 2689 904 2727 τι
927 2665 982 2728 κτὲ.

242 2762 289 2826 (li.
315 2766 416 2827 etiam
439 2766 488 2827 Bl.
513 2782 543 2842 p.
568 2769 629 2828 135
654 2770 688 2828 et
711 2768 750 2829 ad
774 2768 813 2829 ir.
842 2770 914 2829 132.

197 2866 250 2929 Fr.
278 2868 350 2943 133,
377 2870 395 2928 2
430 2883 494 2929 non
527 2871 615 2929 recte
645 2872 850 2942 ττσίλοστιαῐσς
885 2871 997 2932 Nauck
1028 2874 1063 2933 et
1095 2872 1187 2933 Kock
1217 2887 1275 2946 pro
1309 2873 1519 2944 σολλοσταῖος,

238 2968 322 3042 quod
352 2970 461 3030 solum
492 2986 647 3044 graecum
679 2987 751 3034 esse
781 2973 898 3048 probat
932 2975 1089 3035 constans
1120 2973 1281 3049 analogia.
1309 2972 1444 3033 Rectius
1467 2971 1516 3031 Bl.

238 3067 288 3128 καί
311 3067 372 3146 μὴν
394 3070 497 3131 οίκυδε
517 3069 522 3151 Ι
543 3070 633 3153 ἔγωγε
657 3078 726 3148 (pro
748 3080 787 3143 τε)
812 3080 1003 3147 ιιοίίοστσιῖος
1027 3072 1192 3154 ἀποτρέχω,
1214 3074 1313 3154 γύναι.

194 3171 245 3231 Fr.
273 3173 345 3232 134.
370 3172 525 3233 Formam
548 3175 687 3236 atticam
712 3175 896 3253 στρώννυται
920 3182 974 3247 ί-τε
998 3178 1115 3248 Naber)
1137 3177 1356 3251 requirebam.

194 3272 244 3334 Fr.
273 3275 345 3336 136.
376 3276 470 3350 Apud
502 3276 682 3337 Zenobium
712 3277 784 3352 lege
808 3268 846 3355 ἦν
870 3274 902 3337 δὲ
926 3274 942 3337 ὁ
968 3278 1169 3357 Νικόστρατος
1192 3275 1356 3356 ὑποκριτὴς
1379 3273 1515 3355 τραγικὸς

238 3373 336 3434 δοκῶν
355 3374 568 3441 κάλίιστ<α
587 3377 755 3457 λόγ>ονς
774 3376 1064 3459 ἀγγεκικ>οὺς
1092 3377 1249 3457 εἰρηκέναι.
1269 3379 1375 3439 Aliter
1395 3377 1443 3438 Bl.
1464 3377 1516 3437 ll.

193 3474 244 3535 Fr.
272 3477 345 3551 138,
371 3477 400 3538 3.
425 3477 533 3538 Verba
554 3476 629 3556 πρὸς
652 3476 688 3537 τὰ
717 3478 816 3556 στήθη
840 3483 997 3556 suspecta
1024 3480 1183 3541 Kaibelio.
1209 3479 1257 3540 Bl.
1283 3479 1422 3540 coniecit
1443 3476 1518 3555 πρὸς

236 3575 269 3635 τὸ
288 3582 413 3653 στῆθος,
437 3579 523 3638 unde
547 3593 664 3654 parurn
687 3579 864 3655 proficitur.
889 3582 981 3642 Idem
1005 3581 1230 3642 infelicissime
1254 3582 1362 3641 tentat
1381 3579 1420 3641 ir.
1444 3580 1516 3640 139.

194 3677 245 3739 Fr.
273 3680 345 3740 140.
370 3679 418 3740 Bl.
444 3681 499 3741 crt.
535 3678 760 3758 σ’τνασεσυρμίνη
795 3682 915 3759 Adesp.
952 3685 1026 3743 929.
1062 3683 1108 3744 De
1144 3683 1242 3744 verbo
1278 3683 1342 3743 vid.
1374 3680 1515 3756 loheel,

239 3780 398 3857 Aglaoph.
428 3797 459 3856 p.
485 3782 560 3843 826.
1324 3829 1326 3832 ψ

195 3881 247 3942 Fr.
275 3884 347 3942 141.
373 3881 435 3944 cst.
459 3881 619 3964 εὐοργησίαν
644 3900 719 3946 cum
743 3886 820 3946 aliis
843 3886 955 3946 minus
979 3887 1066 3959 aptis
1089 3885 1137 3946 Bi.
1163 3885 1209 3946 Gi.
1234 3889 1268 3946 et
1291 3882 1465 3963 αἰναλγησία.

195 3981 246 4043 Fr.
275 3985 347 4058 150,
373 3985 402 4043 2.
429 3984 658 4062 Χερρονησίτου.
683 3988 819 4047 Frustra
842 3987 890 4047 Bl.
912 3987 1127 4065 Χερρονησίον.
1147 3988 1193 4049 Of.
1215 3981 1400 4048 Meisterh.⁸
1418 4002 1449 4061 p.
1463 3986 1515 4061 99,

239 4086 333 4162 836,
360 4087 390 4145 2.
422 4086 505 4147 Male
536 4088 623 4148 idem
655 4105 702 4149 ve.
728 4090 747 4149 2
780 4088 878 4149 δεύειν
906 4104 963 4165 pro
987 4085 1072 4164 ἕψειν
1096 4092 1155 4150 aut
1179 4088 1232 4161 (ἐν)
1257 4087 1360 4173 ίίαίρτ;
1384 4091 1516 4163 iungen-

239 4187 382 4260 gendum
405 4186 492 4272 ἐίαίρτ
517 4204 593 4250 cum
616 4186 831 4268 ἠηίαϊσμίνην,
858 4205 918 4251 ueo
941 4190 1035 4252 video
1060 4207 1118 4251 cur
1140 4194 1310 4266 suspectet
1333 4206 1381 4251 vs.
1405 4192 1425 4249 4
1450 4205 1517 4268 στη-

238 4287 342 4347 θύνια.
372 4322 408 4332 -
433 4289 489 4350 Vs.
524 4293 554 4352 6.
587 4291 734 4352 Praefert
765 4308 795 4353 u.
831 4292 851 4352 1.
876 4290 1025 4368 τευθίσιν,
1056 4293 1141 4366 quod
1174 4293 1307 4368 saepius
1340 4293 1518 4367 iungantur

238 4387 374 4461 τευθίδες
399 4393 432 4450 et
455 4390 573 4467 σηπίαις
596 4391 666 4452 fieri
690 4395 799 4468 potest
822 4395 860 4454 ut
883 4395 985 4469 recte,
1011 4396 1048 4453 ut
1068 4395 1150 4453 vs8
1171 4409 1246 4454 cum
1265 4395 1379 4455 eodem
1400 4394 1516 4454 malim

239 4488 466 4569 εὐζωρεστίρου,
490 4493 563 4553 coll.
591 4509 619 4554 v.
644 4493 665 4554 1.
690 4491 930 4573 εὐζωρεστίρους.

195 4591 247 4653 Fr.
275 4594 347 4668 151,
373 4594 403 4653 3.
428 4593 513 4653 Hinc
533 4594 581 4655 Bl.
603 4595 693 4655 elicit
716 4594 811 4656 valde
830 4596 950 4656 miram
974 4596 1175 4656 sententiam
1196 4591 1281 4672 ἡμῶν
1305 4596 1432 4675 δύναμις
1456 4618 1518 4668 τινος

241 4690 271 4765 ἐξ
293 4693 413 4756 ὑδάτων
435 4689 504 4754 τιᾶσ’
529 4694 650 4775 ἔρχεται.
680 4697 784 4775 Quam
808 4696 1050 4758 inscribendam
1077 4701 1191 4758 curato
1215 4697 1342 4759 balneis
1365 4698 1516 4775 publicis!

192 4887 360 4964 Arurotls
383 4898 423 4963 ir.
448 4900 478 4960 2.
505 4896 668 4972 Singulari
692 4912 829 4960 numero
852 4896 1004 4979 κροκωτὸν
1027 4898 1166 4974 requirit
1189 4899 1238 4960 Bl.
