3502 5512
802 377 866 437 223

263 557 304 632 ὡς
327 558 390 621 καὶ
419 559 553 643 τέχναι
575 571 698 623 πᾶσαν
720 562 985 644 προσδέονται
1004 565 1138 644 τύχης,
1160 561 1224 623 καὶ
1247 563 1340 643 τύχη
1365 562 1492 622 διακο-

267 669 422 740 σμεῖται
445 670 529 736 ταῖς
553 661 797 743 ἐπιστήμαις.

217 765 273 826 Vs.
298 767 506 828 497=Eur.
531 768 570 828 fr.
598 769 693 828 1017.

217 866 273 926 Vs.
298 868 505 930 499=Eur
529 870 569 929 11.
597 870 692 930 1026.

217 967 272 1029 Vs.
298 970 373 1030 504.
397 969 497 1030 δεινὸν
521 985 579 1046 pro
602 968 724 1048 αἰσχρὸν
747 973 835 1032 15515
860 970 922 1047 BL,
947 972 1020 1032 coll.
1046 972 1155 1047 adesp.
1180 973 1232 1032 61.

215 1068 371 1132 115508.
404 1071 501 1132 Miror
538 1071 735 1133 Meinelrium
776 1073 900 1148 fugisse
931 1058 1028 1133 'hunc
1060 1087 1194 1132 versum
1230 1072 1385 1146 Aeschyli
1420 1087 1492 1132 esse

262 1170 448 1234 Ρ1515.44.

215 1273 270 1333 VS.
291 1275 366 1335 523.
388 1275 563 1335 Richards:
575 1269 688 1347 Ὕπνος
704 1274 897 1355 <περιττὸς>
911 1274 1011 1335 δεινὸν
1030 1272 1206 1353 ἀνθρώποις
1219 1273 1321 1335 κακόν.
1341 1276 1404 1336 sed
1418 1275 1491 1336 coll.

260 1391 308 1435 vs.
334 1377 412 1452 732,
443 1376 636 1438 crediderim
667 1378 777 1453 potins
807 1377 903 1449 όπνος
935 1380 1124 1453 corruptum
1149 1394 1222 1439 esse
1246 1393 1288 1438 ex
1314 1375 1495 1437 ὑπόνοια.

260 1478 349 1552 Quod
369 1480 397 1539 si
417 1481 548 1556 115551,
570 1479 746 1554 legendum
759 1474 900 1539 Ὑπόνοια
921 1477 1021 1539 δεινόν
1037 1477 1175 1543 (ἐστιν)
1196 1477 1371 1558 ἀνθρώποις
1390 1477 1492 1545 κακόν,

216 1579 270 1641 Vs.
296 1583 369 1641 533.
395 1582 591 1657 corruptum
616 1585 673 1643 551
697 1582 798 1661 φοβοῦ
818 1585 875 1643 551
898 1580 938 1659 μή
963 1583 1073 1660 φοβοῦ.

215 1683 270 1743 Vs.
297 1686 371 1745 535.
397 1686 550 1746 Fortasse
588 1682 730 1762 φρόνημα
760 1682 896 1762 λαμπρὸν
927 1688 996 1760 (pro
1019 1682 1157 1762 λιπαρὸν)
1181 1680 1321 1760 οὐδαμῶς
1345 1679 1492 1742 ἁλίσκεται

259 1790 346 1854 (cum
381 1786 540 1847 Meineldo
576 1802 633 1860 pro
662 1783 868 1857 ἀναλίσκεται).
893 1786 956 1847 Sed
982 1786 1074 1847 deest
1098 1787 1232 1847 dativus
1262 1786 1490 1860 instrumenti,

259 1887 351 1947 velut
384 1892 447 1958 τοῖς
483 1891 664 1962 συμφοραῖς,
694 1902 757 1960 quo
788 1887 930 1947 fortasse
961 1887 1202 1947 terminabatur
1226 1903 1342 1948 versus
1364 1902 1492 1961 praece-

259 1986 339 2046 dens
362 1989 395 2046 in
418 1988 505 2062 loco,
533 1987 615 2047 unde
639 1988 764 2047 111515.
788 1991 965 2063 excerptus
989 1991 1050 2048 eet.

216 2085 271 2145 Vs.
297 2088 371 2147 539.
404 2087 619 2148 Probabiliter
648 2088 697 2148 Bl.
728 2087 815 2147 τίκτει
850 2104 907 2164 pro
938 2088 1064 2166 κομίζει,
1098 2088 1171 2149 5511.
1202 2090 1310 2165 Eurip.
1341 2090 1380 2149 11.
1415 2092 1488 2166 195,

261 2188 347 2248 unde
372 2187 479 2250 fletus.

217 2287 272 2348 Vs.
298 2291 373 2351 543.
397 2291 446 2350 Ex
476 2292 691 2367 Epicharmeo
725 2293 781 2353 illo
805 2288 824 2349 ἆ
849 2287 880 2351 δὲ
911 2289 972 2370 χεὶρ
1003 2289 1057 2350 τὰν
1087 2296 1168 2370 χεῖρα
1191 2291 1274 2363 vira·
1299 2289 1351 2362 δός
1374 2313 1418 2367 τι,
1441 2289 1491 2350 καὶ

260 2390 363 2467 λάβοις
387 2393 416 2450 τί
436 2415 482 2451 κα.

217 2489 271 2550 Vs.
297 2494 371 2553 550.
396 2494 443 2555 cf.
471 2495 589 2556 Aesch.
621 2495 728 2556 Prom.
755 2497 835 2556 378:
868 2491 957 2574 ὀργῆς
989 2495 1112 2573 ζεούσης
1135 2492 1209 2554 εἰσὶν
1233 2491 1329 2571 ιάτρολ
1351 2493 1434 2573 λόγοι
1458 2497 1491 2554 et

258 2594 343 2655 inira
367 2611 415 2656 vs.
440 2598 519 2673 622,
545 2596 600 2656 ubi
622 2596 799 2670 legendum
822 2596 917 2672 σοφός
939 2613 998 2673 pro
1022 2605 1129 2672 σοφοῦ.
1153 2596 1225 2656 Vid.
1249 2611 1298 2657 vs.
1324 2599 1399 2656 674.

215 2693 270 2754 Vs.
296 2698 505 2758 562=761.

214 2795 269 2855 Vs
296 2798 639 2873 563.(11.Ε5115.11.
666 2799 740 2873 529,
769 2801 783 2859 1
810 2798 892 2870 (BL).

213 2898 267 2959 Vs.
293 2902 367 2961 572.
392 2899 643 2973 οίκίζει-εοίιιεῖ.
669 2901 738 2961 Vid.
762 2902 905 2962 Lexicon
928 2917 1041 2962 meum
1065 2900 1171 2977 suppl.
1197 2904 1230 2962 et
1253 2903 1328 2964 dial.
1353 2919 1380 2963 e.
1405 2920 1436 2963 v.

216 2999 266 3060 Vs.
292 3003 367 3063 580.
392 3002 463 3063 Vid.
488 3003 654 3064 Menandr.
679 3003 717 3064 11.
742 3003 795 3063 89.
820 3001 867 3063 cf.
892 3003 1041 3078 Sophocl.
1065 3002 1103 3062 11.
1130 3004 1204 3064 851.
1229 3003 1310 3074 (Bi).

211 3101 266 3162 Vs.
291 3104 366 3164 586.
392 3104 504 3165 Fictus
534 3107 593 3165 aut
622 3106 796 3179 corruptus
827 3103 1092 3180 5165511551.
1118 3105 1199 3164 326:
1233 3103 1268 3162 ιὰ
1295 3103 1377 3164 δειλὰ
1399 3102 1489 3183 κέρδη

254 3203 393 3280 πημονὰς
418 3203 576 3285 ἐργάζεται.

212 3303 268 3364 115.
294 3308 369 3368 581.
401 3307 472 3367 Nisi
501 3311 553 3369 551
584 3323 700 3368 versus
730 3307 899 3383 politicus,
931 3311 1075 3368 metrum
1106 3307 1269 3381 postulat:
1294 3304 1371 3384 ἀνὴρ
1395 3306 1490 3366 ίίιιοο-

258 3408 308 3476 λος
331 3406 389 3466 nrt.

215 3503 270 3563 Vs.
296 3508 370 3567 590.
399 3509 606 3582 „Legendum
631 3509 716 3584 φίλος
741 3509 831 3584 φίλον
856 3508 1093 3584 φειδόμενος
1115 3507 1171 3567 οὐκ
1194 3507 1272 3567 ἔστιν
1294 3508 1395 3584 φίλος,
1417 3511 1489 3570 0011.

260 3609 351 3670 Publ.
371 3609 442 3683 syr.
459 3610 515 3668 10;
536 3610 673 3670 Amici
697 3610 808 3670 vitia
830 3611 866 3670 si
888 3611 1016 3684 15155,
1042 3610 1177 3670 155155
1201 3612 1304 3670 155.”
1321 3611 1488 3672 Richards·

214 3708 269 3769 VS.
294 3710 369 3771 592.
404 3710 452 3770 Cf.
485 3711 581 3785 Soph.
616 3712 706 3772 Alae.
738 3714 802 3772 646
831 3727 880 3785 sq.
916 3704 1029 3769 ἅπανθ’
1062 3706 1077 3768 ὁ
1112 3709 1223 3789 μακρὸς
1257 3709 1481 3789 κόιναρίθμητος

257 3810 362 3890 χρόνος
384 3806 389 3894 Ι
410 3812 480 3887 φύει
504 3812 613 3888 (φαίνει
624 3815 650 3882 1)
674 3806 694 3871 τ’
721 3810 817 3890 ύύηλα
841 3810 891 3872 καλ
915 3810 1048 3886 φανέντα
1071 3812 1238 3889 κρύπτεται.

214 3913 269 3990 Vs,
294 3915 369 3974 601.
394 3914 529 3988 Antiqui
564 3915 729 3974 sermonis
763 3915 948 3991 proprietas
982 3913 1182 3989 postularet:
1220 3913 1307 3990 Ζήιει
1341 3919 1426 3973 ποεῖν
1456 3906 1489 3974 εό

256 4014 325 4085 τοὺς
367 4009 422 4093 τόγ’
460 4005 493 4074 εὖ
529 4012 753 4094 εἰργασμένους,
787 4018 820 4077 15
862 4015 1005 4077 15555115
1047 4015 1120 4075 5511
1154 4015 1223 4075 1515
1257 4016 1489 4076 tantummodo

256 4111 401 4191 requiro':
426 4121 487 4188 τοῖς
509 4120 606 4188 καλῶς
633 4111 721 4181 <σ’>
749 4114 964 4199 εἰργασμένοις.

213 4217 268 4277 Vs.
292 4219 366 4278 605.
392 4217 543 4278 Voluisse
568 4218 699 4279 videtur
722 4222 906 4295 poetaster:
940 4217 1056 4278 Nihil
1080 4232 1183 4292 opus
1207 4218 1369 4292 magnis
1394 4219 1490 4277 viri·

256 4318 347 4394 bue,
373 4319 489 4379 modo
513 4321 688 4379 strenue
712 4321 854 4380 utaris
878 4320 933 4380 iis
953 4319 1117 4378 viribus
1141 4334 1243 4392 quas
1267 4318 1348 4378 tibi
1372 4319 1490 4379 dedit

255 4421 416 4480 natura.
442 4419 564 4480 Graece
586 4419 800 4481 balbutientis
823 4424 902 4481 sunt
925 4435 1009 4495 quae
1032 4420 1178 4494 protulit.

211 4520 266 4579 Vs
292 4519 367 4580 606.
392 4519 453 4579 Pro
477 4518 573 4602 χρόνῳ
598 4523 791 4595 expectatur
814 4521 882 4583 fere
905 4520 960 4599 βίω

941 4567 969 4605 Ι,

79 4618 85 4628 ’
211 4620 266 4681 Vs.
292 4622 366 4680 612.
392 4620 453 4681 Pro
476 4621 596 4680 πλούτει
620 4624 813 4696 expectatur
839 4621 960 4701 ὑβρίζον
985 4623 1042 4681 551
1065 4622 1188 4696 aliquid
1212 4621 1384 4681 eiusmodi.

211 4722 265 4781 VS.
291 4724 366 4782 613.
392 4721 503 4782 Voluit
532 4722 634 4782 miser
660 4724 821 4783 versifex:
853 4720 927 4782 ἀλλὰ
951 4720 1001 4782 καλ
1025 4722 1149 4797 μεταδὸς
1173 4731 1225 4800 τῆς
1248 4730 1303 4799 σῆς
1327 4719 1489 4798 ἐπιστήμης

254 4828 313 4894 τοῖς
348 4822 460 4898 φίλοις,
497 4824 554 4883 sed
589 4825 742 4884 versiculi
774 4825 936 4899 angustiis
966 4825 1144 4897 impeditus
1174 4840 1211 4885 ea
1241 4823 1373 4898 scripsit
1407 4837 1489 4897 quae

256 4925 312 4984 vix
334 4923 520 4998 intellegas.
