3502 5512
895 366 957 425 116

303 554 428 616 Jacobii
458 556 626 624 Iudicem).
657 552 845 629 Respondet
867 555 978 613 autem
1004 553 1110 614 altera
1131 568 1273 629 persona
1295 555 1324 613 τί
1344 555 1400 634 γάρ
1423 571 1455 615 σε
1477 555 1584 615 κωλύει

305 656 387 726 (scil.
418 656 645 735 διαρραγῆναι);
666 670 779 728 -quern
814 655 923 714 iocum
959 655 1120 715 Anaxilas
1153 655 1250 716 debet
1283 656 1497 733 Aristophani
1527 656 1583 732 Eq.

306 759 370 818 340
394 774 476 833 sqq.,
508 759 563 818 ubi
594 758 713 818 chorus
744 756 950 831 Agoracrito,
982 756 1037 829 qui
1061 755 1172 817 Cleoni
1195 756 1353 818 clamanti
1377 757 1458 834 οἴμοι
1480 756 1583 835 διαρ-

305 859 528 938 ραγήσομαι
562 860 753 934 imprudens
789 857 1003 932 responderat
1036 854 1087 916 ιιαί
1121 858 1182 936 μήν
1217 854 1243 918 τ’
1281 856 1338 938 ἐγὼ
1373 857 1410 921 od
1444 858 1585 939 παρήσω,

304 961 503 1022 succlamat:

481 1062 573 1140 πάρες
595 1060 688 1139 πάρες
711 1058 785 1140 πρὸς
809 1069 868 1120 τῶν
893 1065 974 1120 θεῶν
998 1059 1077 1144 αὐτῷ
1103 1061 1382 1142 διαρραγῆναι.

303 1164 392 1226 Duos
422 1180 538 1226 versus
568 1166 757 1238 sequentes,
790 1162 862 1223 coll.
894 1162 933 1222 ir.
959 1163 1011 1239 31,
1037 1165 1056 1222 2
1080 1179 1140 1241 sq,
1170 1165 1238 1225 iam
1262 1165 1343 1226 olim
1367 1165 1480 1225 monui
1504 1165 1536 1224 lr.
1560 1163 1581 1224 l.

303 1266 459 1328 delendos
483 1281 568 1327 esse.

260 1367 310 1428 Fr.
343 1369 397 1444 33,
431 1370 450 1428 2
482 1370 607 1427 temere
638 1365 795 1427 sollicitat
826 1365 886 1442 Bt,
918 1367 1093 1441 quiusa
1124 1382 1255 1428 mecum
1288 1367 1368 1443 legit
1393 1362 1583 1446 ἐγκαθή-

304 1489 400 1544 μενος.
426 1502 466 1511 -
491 1468 547 1528 Vs.
572 1471 603 1528 4.
636 1468 760 1527 Sanum
791 1468 922 1529 videtur
950 1467 1059 1545 παρόν,
1087 1469 1229 1530 tritici
1253 1484 1440 1543 granum.
1463 1469 1583 1530 Naberi

304 1570 511 1630 coniecturae
536 1566 627 1645 τυρόν
650 1568 707 1627 vix
731 1568 815 1628 satis
838 1583 1019 1644 congruum
1043 1573 1095 1630 est
1117 1566 1212 1647 λέμμα
1235 1585 1284 1631 vs.
1310 1572 1339 1646 2,
1364 1570 1496 1643 etquid
1519 1569 1582 1630 sibi

304 1669 385 1730 velit
403 1669 569 1744 Blaydesii
587 1676 681 1747 γῦρον
700 1667 810 1740 (κενόν)
832 1669 914 1729 mihi
937 1670 1113 1732 obscurum
1137 1674 1199 1732 est.
1225 1705 1265 1717 -
1287 1673 1343 1732 Vs.
1366 1673 1395 1732 5.
1416 1666 1432 1729 d
1456 1665 1484 1729 d’
1509 1667 1582 1730 ἕτε-

302 1792 368 1849 ρος
390 1771 515 1848 παχύς
534 1770 623 1830 idem
641 1771 712 1830 sine
732 1771 947 1847 necessitate,
972 1787 1050 1832 nam
1078 1772 1196 1833 dicitur
1221 1774 1360 1842 vermis,
1393 1788 1458 1834 uno
1481 1788 1582 1834 exeso

302 1889 418 1949 grano,
444 1887 556 1933 morsu
576 1875 729 1948 appetere
753 1871 867 1932 alium.

260 1974 311 2034 Fr.
337 1975 390 2034 35.
904 1970 954 2032 καί
977 1982 1041 2045 πῶς
1063 1975 1155 2054 γννή,

569 2073 667 2153 ὥσπερ
691 2075 837 2150 θάλαττα,
860 2082 955 2152 νῆσον
978 2073 1195 2152 captivaturum

302 2177 457 2251 Logicum
481 2177 515 2236 in
539 2177 601 2238 hoc
619 2177 689 2238 ioco
708 2177 841 2252 vitium,
862 2177 948 2251 quod
969 2178 1112 2238 advertit
1131 2178 1306 2252 editorem,
1328 2190 1444 2252 graece
1462 2177 1583 2237 melius

302 2278 427 2339 celatur
449 2293 548 2352 quam
572 2278 734 2339 celaretur
757 2278 790 2337 in
814 2277 937 2353 linguis
960 2278 1139 2355 hodiernis,
1164 2278 1241 2352 quia
1263 2274 1464 2355 ἀμφιέννυται
1482 2279 1583 2339 simul

302 2380 423 2456 duplici
454 2381 502 2456 vi,
533 2381 669 2455 passiva
698 2383 733 2441 et
763 2380 885 2456 media,
917 2381 1074 2456 iungitur.
1106 2380 1241 2439 Θάλαττα
1264 2388 1359 2457 νῆσον
1382 2377 1580 2455 ἀμφιέννυται

302 2483 465 2558 (passive),
496 2479 576 2560 γυνὴ
606 2504 633 2540 ν.
656 2479 683 2541 ἀ.
715 2481 855 2552 (medie).
888 2481 1057 2557 Exemplis
1088 2482 1289 2543 comicorum
1321 2482 1352 2542 h.
1384 2481 1405 2543 l.
1435 2482 1583 2542 illustrat

302 2583 350 2643 Bl.
371 2599 442 2658 pag.
467 2585 539 2645 147.
556 2618 595 2627 -
609 2583 643 2644 lt.
658 2584 772 2644 Plauto
791 2583 1033 2658 quadamtenus
1053 2584 1238 2658 comparari
1256 2585 1366 2658 potest
1378 2582 1580 2644 Menaechm.

303 2685 364 2744 231
393 2686 430 2744 R.
455 2685 531 2759 An,
557 2686 679 2759 quasi
703 2699 834 2759 mare,
859 2686 997 2745 omnis
1021 2685 1255 2746 circuimus
1279 2684 1469 2745 insulas?

258 2786 309 2846 Fr.
336 2788 389 2846 36.
569 2781 605 2843 τὰ
628 2781 660 2844 δὲ
683 2778 771 2862 σφύρ’
796 2783 866 2868 ᾤδει
889 2789 1002 2861 μᾶλλον
1024 2783 1044 2865 ἢ
1067 2784 1170 2858 σικυὸς
1192 2783 1305 2845 πέπων.

301 2888 470 2947 Incertum
505 2889 557 2946 est
590 2889 701 2947 utrum
733 2886 814 2947 haec
844 2886 945 2947 verba
973 2887 1013 2948 de
1043 2888 1221 2964 hydropico
1251 2888 1338 2948 dicta
1368 2887 1436 2947 sint
1468 2901 1510 2947 an
1541 2888 1582 2948 de

301 2987 423 3061 Oedipo
453 2987 487 3047 in
520 2987 688 3048 comoedia
718 2986 858 3047 fabulosi
888 2990 1092 3065 argumenti,
1125 2992 1162 3049 ut
1192 2986 1369 3048 Anaxilam
1397 2985 1512 3049 Oircen
1548 2990 1583 3048 et

301 3087 518 3163 Calypsonem
543 3091 577 3148 et
599 3087 740 3148 fortasse
763 3086 904 3148 Nereum
929 3090 1101 3165 scripsisse
1126 3089 1359 3164 comperimus.
1383 3089 1455 3149 Imo
1478 3089 1580 3151 etiarn

300 3191 363 3251 dici
397 3192 575 3264 potuerunt
609 3188 648 3249 de
681 3187 820 3249 muliere
854 3190 965 3250 nescio
996 3205 1060 3264 qua
1093 3189 1267 3250 libidinosa
1300 3192 1432 3264 propter
1462 3193 1579 3251 notum

300 3291 508 3366 proverbium

566 3386 586 3467 ἡ
609 3389 649 3450 τὼ
672 3389 779 3466 σφνρὼ
802 3395 908 3469 παχεῖα
932 3390 1041 3470 μισητὴ
1065 3391 1151 3471 γυνή.

299 3493 435 3554 Numeri
459 3507 523 3553 non
547 3492 681 3553 obstant
703 3492 880 3566 quominus
903 3495 1123 3570 suspicemur:

565 3592 613 3654 τὼ
636 3588 669 3652 δὲ
692 3593 892 3677 σφνρῷδει
918 3592 973 3655 nrt.

299 3704 335 3756 ut
359 3693 556 3780 ἒγφγόμην
578 3697 634 3755 Α1.
661 3695 744 3756 Eccl.
770 3697 844 3757 500.
871 3697 933 3757 Sed
957 3697 1100 3758 tortasse
1124 3696 1265 3757 seriores
1288 3694 1391 3753 Attici
1415 3694 1449 3752 in
1472 3693 1579 3755 dualis

298 3814 359 3858 usu
383 3798 517 3858 fuerunt
540 3796 652 3856 minus
675 3796 851 3871 diligentes
874 3813 972 3871 quam
998 3798 1210 3872 antiquiores.

253 3898 305 3958 Fr.
330 3900 382 3958 38.
406 3890 490 3974 τήνδ’
517 3912 575 3974 pro
598 3895 652 3973 τὴν
677 3911 808 3957 mecum
832 3898 985 3972 Blaydes.

253 3998 304 4058 Fr.
329 3999 382 4058 40.
562 3995 612 4056 καί
635 3997 733 4056 πίνειν
757 3994 786 4069 ἕξ
812 3995 983 4077 ἀργυρίδων
1007 4007 1133 4077 χρυσῶν.

298 4100 388 4160 Kock
422 4098 583 4173 ,fortasse
598 4095 663 4157 ,καί
691 4095 728 4174 δὴ
759 4099 923 4174 Meinelre;
956 4101 1069 4174 quidni
1095 4097 1145 4159 καί
1169 4101 1257 4160 det?'’
1282 4099 1410 4159 Addere
1432 4099 1576 4173 possim:

297 4201 408 4273 quidni
436 4197 543 4260 ιιᾶδειῖ
573 4199 621 4259 Bl.
659 4196 710 4257 ιια1
748 4200 968 4276 <ciranivam
997 4205 1034 4260 ut
1065 4205 1211 4262 metrum
1241 4202 1285 4260 sit
1316 4200 1577 4275 anapaesticum.

297 4301 384 4362 Certi
408 4302 489 4361 nihil
513 4301 553 4362 de
576 4301 707 4361 talibus.
722 4300 784 4360 dici
808 4303 928 4376 potest.

253 4405 303 4464 Fr.
329 4405 381 4463 41.
409 4406 470 4461 BA
495 4404 570 4478 408,
596 4404 616 4462 9
640 4404 674 4463 et
698 4402 833 4462 Suidas:

474 4501 714 4580 ἀντίκρισις·
739 4501 806 4562 ἀντὶ
829 4510 883 4562 τοῦ
908 4500 1073 4581 ἀπόκρισις.
1097 4503 1192 4576 οὕτως
1216 4502 1375 4574 Ἀναξίλας.

295 4607 344 4665 Ex
363 4606 495 4667 Polluce
514 4606 558 4664 IV
580 4606 653 4679 113,
675 4620 772 4678 quem
793 4606 941 4679 neglexit
959 4607 1072 4682 editor,
1091 4610 1228 4682 apparet
1244 4606 1297 4680 agi
1314 4605 1353 4664 de
1365 4603 1578 4678 responsione

294 4711 444 4768 actorum
476 4708 509 4766 in
539 4722 652 4781 scena,
686 4721 750 4766 non
782 4707 891 4767 hercle
922 4708 955 4767 in
989 4709 1057 4768 vita
1086 4708 1289 4783 quotidiana,
1316 4706 1370 4765 ubi
1394 4718 1576 4778 numquam

293 4809 342 4868 sic
375 4809 439 4869 dici
473 4809 591 4882 potuit.
626 4807 708 4867 Rem
745 4808 812 4867 iarn
847 4823 913 4867 non
943 4808 1082 4869 latuisse
1114 4810 1208 4870 video
1239 4811 1273 4868 L.
1305 4802 1508 4865 Dindoriium
1543 4805 1577 4865 in

242 4972 245 4977 ,
293 4909 510 4971 Thesauros.
534 4924 576 4983 v.,
601 4909 655 4982 qui
679 4910 794 4968 tamen
818 4909 942 4968 erravit
965 4925 1022 4984 pro
1046 4906 1202 4988 ἀπόκρισις
1222 4908 1391 4982 corrigens
1410 4903 1578 4985 ὑπόκρισις.
