3502 5512
848 329 890 387 26

252 504 394 566 alterum
412 505 533 568 Galliae
552 507 706 582 adsignat
729 508 950 569 Fritzschins:
975 508 1058 568 mihi
1080 522 1144 567 nou
1169 505 1355 567 necessario
1378 505 1530 564 videntur

251 606 456 668 cohaerere’.
481 609 534 668 Sic
558 608 663 684 Koclr,
692 624 797 684 neque
817 625 877 684 ego
897 610 1059 684 quomodo
1080 611 1255 670 cohaerere
1271 607 1400 683 possint
1418 605 1527 680 video,

251 707 318 767 imo
342 708 523 783 compluria
545 725 565 770 a
587 708 720 770 Polluce
743 711 869 771 omissa
889 726 963 772 esse
983 710 1186 772 crediderim.
1207 708 1267 769 Vel
1287 709 1348 768 hoc
1367 708 1529 768 incertum

252 813 316 883 est,
352 812 464 870 utrum
495 810 529 870 in
559 810 667 885 priore
694 825 793 871 versu
824 807 915 872 ἄκουε
945 809 982 888 δὴ
1013 826 1089 871 oum
1120 810 1255 885 reliquis
1277 809 1442 884 iungenda
1463 807 1531 866 sint

250 909 310 978 (ita
332 910 421 970 enim
443 910 619 985 legendum
643 908 765 973 ἀκούετε
785 910 835 988 δὴ)
859 928 900 973 an
920 913 1029 988 potius
1046 912 1249 987 distinguere
1268 911 1417 987 oporteat
1435 907 1531 983 (quod

252 1026 339 1071 nunc
356 1026 484 1087 quoque
504 1012 553 1074 Β1.
574 1014 670 1075 video
691 1014 865 1089 placuisse)
886 1012 977 1076 ἄκουε
997 1013 1049 1091 δή·
1068 1015 1160 1092 σκεύη
1172 1011 1208 1073 ιὰ
1220 1011 1359 1090 κακὰκὴν
1371 1011 1530 1072 οἰκίον.-

253 1111 404 1175 Oeterum
425 1115 612 1177 conferatur
627 1131 728 1177 scena
740 1117 775 1177 in
788 1117 1019 1192 Aristophanis
1031 1115 1310 1178 Ooncionautibus
1323 1130 1371 1175 vs.
1385 1114 1449 1174 728
1462 1127 1531 1187 sqq.

209 1215 260 1274 Fr.
284 1215 358 1290 164,
385 1218 412 1277 1.
439 1215 471 1288 6ς
493 1211 517 1295 μ’
544 1215 577 1276 ἐκ
599 1226 639 1299 τῷ
663 1216 720 1301 βίῳ
743 1223 870 1279 temere
894 1219 943 1279 Bl.

209 1315 261 1375 Fr.
287 1317 362 1390 166,
388 1320 416 1378 1.
441 1314 587 1395 φέρουσιν
610 1318 726 1394 Naber,
750 1319 910 1394 probante
933 1319 982 1380 Β1.
1005 1319 1135 1380 Dubito.

208 1416 260 1477 Fr.
287 1419 360 1493 169,
385 1421 416 1479 4.
446 1415 541 1496 κάμός
571 1419 682 1494 procul
706 1419 803 1481 dubio
827 1423 915 1481 recle
939 1420 1059 1496 Bergk,
1084 1420 1300 1496 probantibus
1322 1419 1425 1479 etiarn
1449 1415 1532 1477 blad-

254 1519 341 1594 vigio
372 1523 405 1580 et
434 1520 483 1581 Β1.
516 1553 556 1564 -
588 1519 626 1580 V.
659 1521 689 1580 6.
730 1521 938 1595 pond-iusto
966 1522 1116 1596 graviore
1151 1525 1185 1582 et
1216 1536 1256 1581 ue
1291 1522 1368 1596 epta
1402 1518 1534 1594 quidem

254 1621 438 1682 mutatione
468 1638 525 1698 pro
555 1622 688 1699 τούτοιν,
720 1626 778 1684 aut
809 1621 841 1683 ἐν
876 1622 969 1695 οἴκοις
1004 1626 1131 1694 (contra
1160 1624 1310 1684 Atticum
1344 1625 1454 1690 usum)
1485 1616 1534 1678 Bl.

254 1723 345 1782 Ferri
367 1722 509 1785 fortasse
532 1727 663 1799 poterat
685 1722 718 1783 dv
741 1724 827 1809 οἴκῳ,
845 1725 931 1800 quod
951 1724 1125 1786 saltem=
1142 1723 1219 1784 οἴκοι
1243 1723 1408 1798 (quamvis
1431 1720 1535 1780 invito

255 1822 386 1893 (iubeto)
420 1826 561 1886 traditur
589 1826 672 1901 apud
705 1825 975 1903 Xenophontem,
1010 1827 1068 1887 sed
1098 1826 1172 1886 vide
1195 1840 1306 1886 annon
1335 1823 1401 1885 leui
1431 1823 1534 1882 muta·

256 1925 345 1985 tione
368 1926 500 1987 restitui
522 1929 646 2002 possit:

392 2026 498 2104 ίματίοο
523 2026 556 2088 δί
579 2050 630 2105 μοι
650 2023 698 2089 δύ’
726 2026 810 2090 ἐστὸν
834 2026 973 2107 χαριέντε·
997 2028 1166 2089 τούτοιν
1190 2032 1276 2096 (cum
1300 2026 1402 2095 codd.)

391 2118 464 2188 ούν
488 2134 557 2205 (pro
581 2122 640 2201 οἷν)
664 2129 900 2208 μεταλαμβάνων
923 2127 969 2191 ἀεὶ
992 2126 1122 2207 θύτερον
1145 2127 1303 2202 ἐξελαύνω.

259 2227 465 2304 Quemquam
497 2231 596 2291 huius
628 2231 766 2293 voculae
795 2247 931 2293 versum
959 2232 1146 2292 inchoantis
1176 2229 1304 2290 nullum
1327 2226 1404 2288 novi
1428 2239 1537 2286 exem·

258 2328 360 2404 plum.
384 2330 475 2406 Quod
497 2333 527 2392 si
545 2332 622 2393 ferri
642 2333 770 2406 nequit,
791 2332 873 2394 nihil
893 2325 1537 2408 111611661666116Κ66116661κο1μο.-

259 2431 315 2491 Vs.
343 2433 383 2492 16
406 2442 497 2514 κοινμ
521 2448 579 2508 pro
602 2431 686 2492 Οἰνεῖ
707 2435 789 2495 coni.
809 2434 930 2510 Bergk,
951 2434 1008 2494 sed
1028 2432 1253 2495 necessarium
1272 2432 1362 2492 esset
1379 2437 1418 2511 τῷ
1437 2435 1541 2508 κοινῷ,

261 2530 467 2593 infinitivum
510 2530 636 2612 (ἄγχειν,
676 2533 799 2613 εἴργειν,
842 2537 973 2603 κύπτειν)
1008 2534 1144 2596 subesse
1184 2534 1280 2610 putat
1313 2529 1362 2591 Β1.
1402 2527 1464 2590 Sed
1498 2526 1539 2587 61.

261 2632 377 2693 Kockii
401 2635 527 2695 notem.

218 2734 271 2794 Fr.
301 2735 374 2809 160,
401 2736 430 2796 2.
455 2732 652 2812 ἀποδείξομαι
675 2738 800 2798 temere
824 2737 872 2797 Bl.

158 2870 161 2877 ‚
218 2835 269 2895 Fr.
296 2837 369 2912 161,
398 2838 413 2896 l
440 2837 573 2912 explere
597 2837 668 2898 vult
691 2838 740 2899 Bl.
764 2855 794 2914 p.
820 2841 873 2914 44,
898 2838 1061 2900 inutiliter
1084 2840 1185 2899 etiam
1208 2840 1343 2899 tentans
1365 2851 1415 2897 vs.
1441 2836 1471 2895 2.

218 2936 269 2996 Fr.
297 2938 370 2997 162.
400 2936 522 2999 Gratin.
548 2939 645 2998 1143
671 2937 710 2998 ll.
736 2941 769 2999 et
793 2939 848 2999 Ar.
873 2939 929 3013 Eq.
958 2940 1043 3000 1296
1064 2955 1112 3013 sq.
1138 2938 1192 2999 cit.
1218 2937 1266 2999 Β1.

217 3037 268 3097 Fr.
288 3039 368 3098 171.
404 3037 674 3117 μολυβδίνους
711 3039 880 3117 κρατευιοίς.
917 3039 1097 3100 Ι11191161191
1128 3040 1220 3100 Kock
1251 3037 1438 3107 λιθίνους
1471 3049 1544 3096 con·

262 3138 350 3214 iecit,
375 3154 432 3214 pro
456 3155 519 3213 quo
544 3141 632 3200 certe
656 3138 839 3214 speciosius
858 3141 1049 3215 suspicatus
1067 3141 1152 3200 foret
1171 3138 1345 3218 λυγδίνονς,
1365 3138 1425 3198 sed
1445 3134 1547 3196 verba

262 3254 345 3299 sana
372 3254 446 3301 esse
477 3241 599 3301 evincit
620 3228 741 3301 titulus
765 3239 835 3301 (lIG
859 3241 874 3299 1
898 3243 962 3301 919
986 3239 1202 3319 κραιενκοὶ
1226 3239 1440 3316 μολύβδου.
1464 3236 1547 3296 Pars

263 3341 331 3415 igni
354 3342 505 3416 exposita
528 3345 641 3401 tamen
665 3340 820 3415 plumbea
843 3357 917 3402 esse
941 3357 1005 3402 non
1030 3344 1169 3417 poterat.

220 3443 271 3503 Fr.
298 3443 372 3502 114.
396 3441 445 3503 Β1.
471 3443 526 3503 611.
552 3440 719 3501 Menandr.
744 3441 789 3501 IV
814 3443 877 3502 160
901 3445 935 3502 61
959 3442 1078 3503 Catuli.
1104 3443 1134 3517 8,
1161 3443 1180 3501 3
1206 3439 1375 3502 candidi
1398 3436 1524 3497 soles.

219 3545 272 3604 Fr.
299 3544 372 3618 182,
399 3545 427 3603 1.
462 3543 584 3604 Utrum
615 3537 707 3600 ἄκουε
741 3549 799 3600 νον
834 3558 877 3602 an
912 3539 1004 3602 ἄκουέ
1037 3565 1095 3603 νον
1125 3543 1285 3617 praestet,
1321 3536 1550 3599 deficientibus

264 3644 468 3719 praegressis
491 3644 570 3703 sciri
594 3643 719 3716 nequit.

220 3748 272 3807 Fr.
307 3746 379 3807 184.
426 3745 546 3823 κρούον
567 3768 609 3794 =
631 3743 812 3820 δοκιμάζων,
847 3747 976 3821 proprie
1018 3746 1143 3806 dictum
1178 3742 1218 3804 de
1252 3743 1342 3802 vasis
1379 3740 1430 3810 (61.
1463 3739 1550 3800 Plat·

266 3849 362 3924 Hipp.
399 3849 477 3907 mai.
509 3846 624 3907 300ss
656 3850 690 3906 61
721 3846 839 3906 81111196
870 3863 897 3906 6.
922 3863 952 3907 11.
977 3854 1142 3923 κροῦσις
1163 3878 1203 3888 -
1224 3843 1399 3920 δοκιμασία,
1429 3837 1491 3900 ἐπεὶ
1515 3838 1552 3899 τὰ

265 3946 367 4025 σαθρὰ
390 3956 449 4006 τῶν
473 3954 591 4005 σκευῶν
614 3945 800 4022 κροτούμενα
824 3947 857 4016 (l.
880 3946 1060 4025 κρουόμενα)
1084 3944 1281 4022 δοκιμάζεται)
1312 3943 1365 4003 1116
1388 3942 1553 4003 obscoeno

265 4065 364 4110 sensu
384 4050 423 4109 de
444 4046 635 4120 mulierum,
661 4061 835 4107 servarum
864 4050 958 4123 puta,
983 4050 1061 4107 ante
1089 4047 1269 4107 emtionem
1294 4043 1555 4105 contrectatione

266 4150 494 4225 accipiendum
517 4161 592 4207 esse
618 4147 782 4220 quondam
807 4149 950 4224 ostendi,
983 4149 1055 4209 coll.
1089 4149 1189 4207 Arist.
1220 4145 1305 4207 Eccl.
1332 4145 1407 4205 261.
1434 4176 1474 4187 -
1503 4142 1555 4203 Β1.

267 4250 431 4325 intellegit
459 4245 510 4318 τὰς
542 4243 645 4319 ἀφύας
676 4251 733 4308 aut
761 4246 813 4318 τὰς
835 4248 980 4326 τριχίδας,
1003 4250 1060 4308 6911
1085 4264 1147 4321 quo
1171 4262 1272 4307 sensu
1294 4247 1334 4306 (19
1357 4244 1409 4304 1116
1432 4244 1556 4322 κρούειν

267 4352 419 4427 usurpari
443 4347 590 4423 potuerit
614 4361 681 4406 non
705 4349 859 4423 explicat.

223 4457 274 4515 Fr.
303 4455 376 4512 186.
413 4451 461 4510 Β1.
500 4448 572 4508 6611.
612 4446 792 4523 Antiphon.
833 4452 904 4524 136,
937 4453 956 4509 2
991 4464 1049 4524 pro
1084 4446 1205 4524 μικρόν,
1239 4445 1323 4519 quod
1358 4444 1559 4520 perobscure

266 4555 413 4630 explicat
443 4550 550 4624 Koclr,
580 4553 717 4609 νι1εῖσιον
743 4553 892 4612 coniecit.
924 4551 1065 4612 Omnino
1089 4550 1129 4609 cf.
1154 4550 1208 4608 Ar.
1233 4547 1288 4619 eq.
1314 4546 1394 4618 948;
1419 4545 1558 4606 Timocl.

273 4660 327 4731 18;
354 4657 472 4729 Adesp.
499 4653 575 4711 163.

224 4763 275 4822 Fr.
304 4761 377 4822 187.
403 4755 475 4816 Vid.
502 4753 542 4812 ad
567 4753 606 4812 fr.
633 4753 708 4812 305.

224 4871 276 4931 Fr,
304 4861 376 4932 188.
413 4852 635 4919 <κεύσεσθε>·
665 4852 708 4912 νὼ
738 4855 809 4934 γάρ,
839 4851 962 4933 ύνδρες,
995 4850 1049 4929 οὐχ
1077 4848 1250 4923 ἱκετεύομεν.
1281 4845 1561 4920 supplementum
