3502 5512
845 375 906 436 173

253 562 304 622 est
326 558 471 621 violenta
493 558 657 634 Blaydesii
681 563 822 624 mutatio
845 557 976 642 yivaoa’,
1000 563 1093 624 cuius
1117 562 1244 638 reliqua
1266 563 1299 625 in
1320 565 1381 626 hoc
1401 563 1439 627 i.
1466 567 1533 627 ten·

255 663 383 723 tamina
407 661 481 723 vide
501 661 585 736 apud
612 661 743 737 ipsum.

211 765 261 825 Fr.
288 766 362 826 642.
399 766 574 840 Πολεμικοῖς
604 765 774 838 requirunt
804 767 896 828 Kock
923 771 956 828 et
979 768 1026 829 Bl.
1055 767 1103 826 Ex
1128 768 1248 827 Atticis
1273 770 1386 829 tamen
1410 769 1534 844 Thucy·

255 867 360 942 dides,
384 867 413 927 si
433 881 497 940 qua
515 864 651 938 optimis
674 865 766 928 libris
790 866 885 944 fides,
911 870 1025 930 scribit
1048 867 1535 947 6161·6166666116611μια(666

257 968 465 1042 bellicae),
490 966 575 1041 quod
599 970 790 1031 constanter
813 970 893 1030 iacit
916 971 1110 1031 Herodotus.

212 1070 262 1129 Fr.
287 1073 362 1130 644.
387 1069 563 1144 vulgatam
587 1070 706 1132 merito
730 1074 865 1134 revocat
888 1073 953 1147 Bl.,
979 1073 1033 1147 qui
1058 1074 1113 1133 cit.
1142 1075 1238 1146 1093,
1267 1076 1295 1134 1.

212 1173 262 1232 Fr.
288 1175 363 1248 645,
393 1175 420 1233 l.
444 1171 476 1231 τὸ
499 1173 591 1234 καλὸν
615 1171 705 1236 <6ν>
736 1177 862 1235 temere
885 1175 947 1250 Bl.,
977 1175 1032 1248 qui
1056 1190 1103 1235 vs.
1126 1177 1145 1234 2
1165 1177 1306 1256 probans
1331 1175 1535 1254 (1611611666-

256 1272 358 1348 σιδὼν,
381 1276 516 1350 insuper
538 1279 647 1338 tentat
670 1284 838 1350 προσορῶο.

212 1375 262 1435 Nr.
277 1378 353 1451 647,
368 1378 397 1437 2.
417 1373 455 1434 ἂν
479 1369 512 1437 εὖ
537 1395 594 1453 pro
618 1375 670 1438 ἐὰν
694 1376 821 1452 Nauck,
847 1379 885 1436 ut
907 1377 946 1437 fr.
972 1379 1048 1454 667,
1073 1379 1107 1450 1;
1132 1378 1334 1439 Philemonis
1354 1379 1391 1440 fr.
1417 1380 1469 1456 88,
1497 1382 1534 1455 2;

256 1479 295 1538 ir.
320 1480 394 1553 588,
423 1481 449 1539 l.
475 1480 651 1555 Vulgatam
671 1480 741 1554 ipse
764 1479 889 1554 tuebar,
915 1494 1097 1554 provocans
1121 1481 1161 1540 ad
1186 1481 1338 1541 Meinekii
1361 1486 1474 1542 notam
1496 1483 1535 1543 ad

258 1580 484 1642 Philemonem
508 1583 553 1642 IV
577 1584 630 1643 50.

212 1682 263 1742 Fr.
289 1683 363 1757 648,
391 1685 418 1742 i.
444 1684 530 1758 Lege
552 1681 806 1762 γκγ>νώσκειν

213 1783 264 1844 Fr.
289 1784 365 1859 663,
393 1785 420 1844 1.
456 1784 570 1845 Malim
604 1792 658 1845 τοῦ
689 1788 812 1843 καλοῦ
842 1781 1050 1861 πεφρόντικεν.
1082 1784 1250 1846 Violenter
1280 1786 1329 1845 Bl.
1362 1792 1415 1844 τοῦ
1439 1790 1537 1858 καλῶς

259 1885 327 1961 ζῆν
361 1890 553 1961 φροντιεῖ.
586 1919 625 1929 -
653 1886 709 1946 Vs.
742 1888 772 1945 2.
809 1885 965 1945 4161116111
1000 1888 1098 1944 ποιεῖν
1132 1887 1303 1947 ostendere
1338 1885 1535 1948 Meinekium

259 1988 346 2046 recte
370 1978 389 2068 ᾗ
413 1987 592 2047 coniecisse
616 1989 731 2048 monet
753 1987 851 2046 idem.

212 2088 262 2148 Fr.
288 2090 363 2148 654.
389 2088 510 2149 Locum
534 2104 653 2150 sanum
677 2089 768 2149 varie
792 2089 950 2149 sollicitat
973 2086 1037 2161 Β1.,
1062 2088 1142 2147 item
1167 2089 1204 2148 ir.
1231 2091 1305 2150 655.

212 2189 263 2249 Nr.
288 2191 363 2250 656.
388 2187 448 2249 (iit.
473 2190 560 2250 idem
585 2189 623 2249 fr.
648 2191 730 2263 497;
756 2190 839 2262 509;
864 2189 918 2247 Ar.
945 2187 1078 2247 Thesm.
1104 2189 1179 2248 450.

213 2289 264 2350 Nr.
289 2291 353 2350 657
390 2290 532 2365 Euripidi
567 2292 656 2351 recte
691 2290 808 2350 tribuit
838 2288 964 2362 Nauck,
997 2303 1045 2348 vs.
1079 2289 1097 2347 2
1134 2290 1299 2352 coniciens
1329 2285 1391 2351 6116
1422 2288 1534 2367 aava:

260 2391 386 2466 ,Causa
408 2407 466 2452 cur
488 2393 663 2453 Menandro
687 2391 885 2452 tribueretur
911 2405 931 2450 a
954 2389 1094 2451 Stobaeo
1119 2392 1181 2451 init
1204 2392 1313 2453 simile
1337 2394 1375 2453 ir.
1400 2396 1516 2456 261”.·

216 2493 267 2554 111.
293 2496 369 2555 658.
481 2493 618 2573 θογατὴρ
642 2492 847 2573 ἐπίγαμος,
869 2488 926 2551 κᾶν
949 2488 1044 2564 ἄλλως
1067 2488 1162 2569 μηδὲν
1185 2496 1281 2577 λαλῇ

479 2593 530 2654 διὰ
552 2604 605 2655 τοῦ
630 2604 747 2654 σιωπᾶν
770 2598 891 2653 πλεῖστα
914 2590 981 2671 περὶ
1006 2591 1099 2671 αὐτῆς
1122 2591 1221 2677 λέγῃ.

256 2696 357 2756 Recte
380 2698 555 2770 utrumque
578 2695 716 2756 verbum
739 2696 850 2756 sedem
876 2697 1082 2755 commutare
1104 2695 1202 2755 iussit
1225 2695 1346 2773 Nauck,
1367 2712 1537 2771 perperam

259 2813 334 2857 vero
365 2797 504 2857 coniecit
534 2795 706 2873 ἐπίκληρος,
740 2812 816 2856 nam
849 2799 962 2870 aperte
993 2796 1046 2856 hic
1076 2797 1185 2870 agitur
1213 2797 1252 2856 de
1283 2798 1400 2871 quavis
1429 2798 1539 2873 puella

258 2898 410 2973 nubili,
435 2914 517 2972 quae
540 2899 672 2959 silentio
697 2915 793 2959 suam
817 2898 925 2972 prodit
950 2898 1158 2958 modestiam.

215 3001 265 3060 Fr.
290 3003 364 3074 661,
395 3003 421 3060 l.
447 2996 569 3077 ἀληθῶς
593 3001 727 3075 requirit
752 3000 816 3074 Β1.,
842 3014 906 3060 non
931 3014 1000 3074 ego.

214 3103 265 3162 Fr.
290 3103 364 3176 662,
394 3103 421 3161 l.
457 3100 651 3179 σκληρότερος
686 3104 773 3161 recte
812 3100 939 3175 Nauck,
976 3100 1048 3161 coll.
1080 3100 1118 3161 ir.
1154 3102 1225 3176 189,
1256 3102 1313 3162 sed
1339 3118 1386 3162 vs.
1414 3104 1432 3162 2
1465 3105 1536 3164 6166

260 3217 359 3263 cause
381 3212 420 3285 τῷ
445 3196 473 3260 δ’
499 3199 583 3286 ἔργῳ.

212 3304 263 3365 Nr.
288 3306 363 3378 665,
392 3305 420 3364 l.
445 3300 602 3381 ἀλόγιστον
626 3304 716 3364 66116
739 3304 941 3364 necessitate
965 3304 1013 3364 Β1.

215 3405 266 3464 Fr.
292 3407 366 3479 666,
392 3406 422 3465 2.
447 3406 538 3465 Kock
561 3402 580 3483 ἢ
603 3403 697 3465 πολλὰ
720 3413 873 3483 φανεροῦ,
906 3403 1033 3484 Φαῖδρε,
1056 3397 1112 3480 μετ’
1139 3399 1276 3475 ὀνείδους
1296 3405 1397 3482 λαβεῖν
1417 3407 1538 3467 11161166

259 3522 357 3580 quam
382 3506 430 3566 Β1.
454 3502 473 3563 ἃ
496 3513 630 3584 φανεροῦ
654 3506 703 3565 δεῖ
721 3499 778 3581 μετ’
804 3501 941 3577 ὀνείδους
981 3513 1089 3565 (τοῦ)
1115 3505 1231 3582 λαβεῖν,
1253 3507 1429 3568 manifeste
1449 3509 1538 3569 6111111

259 3608 400 3668 traditae
425 3608 560 3669 voculae
583 3608 632 3667 δεῖ
651 3609 704 3668 bic
727 3606 819 3668 locus
842 3623 907 3667 non
933 3609 996 3682 est,
1022 3621 1083 3667 nec
1113 3607 1221 3681 magis
1245 3610 1431 3681 pronomini
1454 3610 1539 3670 inde·

259 3708 362 3770 finito.
394 3710 510 3770 Melius
541 3708 736 3769 coniecisset
758 3704 777 3786 ἢ
800 3707 895 3767 πολλὰ
924 3715 1059 3786 φανεροῦ
1083 3706 1129 3784 δὴ
1153 3702 1211 3785 μετ’
1237 3703 1374 3780 ὀνείδους
1397 3711 1538 3789 λαμβά-
1643 3780 1644 3784 ¹

259 3833 358 3883 νειν,
380 3828 463 3885 quae
487 3812 665 3872 Kockianis
689 3811 913 3885 praetulerim.

216 3913 266 3974 Fr.
291 3916 367 3989 667,
392 3916 421 3974 2.
458 3911 634 3991 ἀνθρώποις
668 3913 793 3986 optime
824 3915 935 3972 tuetur
965 3911 1013 3971 Bl.
1046 3911 1219 3971 Sententia
1250 3912 1338 3972 enim
1364 3913 1445 3973 haec
1468 3917 1536 3973 cst:

260 4015 349 4089 φύσει
380 4013 436 4074 οὐκ
465 4013 524 4073 ἔστι
554 4013 650 4090 λύπης
674 4010 793 4090 ἄλγημα
816 4015 916 4088 μεῖζον
940 4021 997 4071 τῶν
1022 4009 1054 4071 ἕν
1078 4010 1254 4092 ἀνθρώποις
1277 4009 1464 4091 ἀλγημάτων.
1490 4013 1536 4075 Cf.

258 4116 430 4176 simillima
452 4116 619 4177 sententia
642 4115 820 4188 fragmenti
844 4115 920 4175 668.

215 4218 266 4278 111.
291 4219 366 4292 670,
388 4220 417 4278 2.
442 4218 530 4277 Libri
553 4212 828 4295 σογκεκλεισμένος,
853 4215 943 4275 Koek
966 4210 1218 4295 σογκεκλῃμὲνος,
1241 4216 1324 4288 quod
1345 4218 1397 4275 661
1417 4217 1538 4276 veteris

260 4319 433 4395 atticismi,
455 4319 512 4378 sed
532 4318 707 4378 Menander
719 4319 753 4377 et
765 4318 919 4390 aequales
934 4313 1177 4394 σογκεκλειμὲνος
1189 4316 1361 4390 scripsisse
1374 4318 1537 4379 videntur.

216 4423 267 4482 Fr.
293 4421 368 4494 672,
394 4421 423 4480 2.
460 4419 522 4479 Ρ10
556 4415 699 4476 πταίοντα
733 4418 862 4493 Nauck,
900 4418 972 4478 coll.
1009 4418 1145 4478 Arislid.
1174 4418 1188 4477 1
1218 4433 1248 4493 p.
1281 4418 1356 4493 810,
1389 4418 1540 4495 μύσαντα,

261 4522 380 4582 melius
403 4535 503 4594 quam
523 4519 571 4579 Β1.
596 4517 761 4596 πάσχοντα,
781 4521 838 4578 aut
861 4515 958 4594 ἄνδρα
982 4512 1048 4576 τιν’
1076 4534 1124 4578 vs.
1149 4519 1176 4578 1.
1201 4517 1286 4577 Num
1308 4518 1449 4577 πταίοντα
1472 4533 1537 4578 cor·

260 4625 393 4697 ruptum
417 4636 491 4682 6666
514 4621 597 4680 66116
622 4621 752 4680 6666161
775 4619 899 4679 dubito.

215 4726 266 4783 Fr.
292 4726 367 4785 673.
392 4721 504 4783 Nauck
528 4721 584 4781 cit.
609 4721 692 4781 Men.
717 4722 861 4781 monost.
886 4721 950 4780 431
976 4722 1010 4779 61
1032 4719 1209 4780 Jamblichi
1233 4722 1389 4795 protrept.
1414 4722 1514 4780 621.

216 4826 266 4885 Fr.
292 4807 367 4885 674.
399 4825 490 4884 Idem
520 4819 719 4882 6661661166
743 4819 837 4880 καλὸν
861 4825 946 4891 (cum
971 4822 1005 4881 F.
1019 4822 1069 4881 W.
1085 4819 1278 4888 Schmidtio)
1303 4816 1443 4898 ἐλέγχειν,
1465 4821 1537 4882 6611.

260 4926 392 5000 Septem
419 4940 488 4999 sap.
513 4925 656 4983 sentent.
681 4922 709 4980 V
736 4924 796 4982 111
822 4920 932 4992 (θέλων
956 4919 1132 5000 ἐλέγχειν
1156 4918 1279 4998 ἀτυχίαν
1303 4919 1480 4999 σιγωμένην)
1505 4925 1539 4981 61
